time,price,qty,quote_qty,is_buyer_maker
2026-01-16 00:00:00.017,95567.4,6.343,606184.0181999999,False
2026-01-16 00:00:00.022,95567.5,0.006,573.405,False
2026-01-16 00:00:00.022,95567.7,0.002,191.1354,False
2026-01-16 00:00:00.022,95567.8,0.002,191.1356,False
2026-01-16 00:00:00.022,95567.9,0.227,21693.9133,False
2026-01-16 00:00:00.022,95568.5,0.002,191.137,False
2026-01-16 00:00:00.023,95568.8,0.003,286.70640000000003,False
2026-01-16 00:00:00.023,95569.0,0.002,191.138,False
2026-01-16 00:00:00.023,95569.1,0.007,668.9837,False
2026-01-16 00:00:00.023,95569.2,0.803,76742.06760000001,False
2026-01-16 00:00:00.024,95569.3,0.002,191.1386,False
2026-01-16 00:00:00.024,95569.4,0.004,382.2776,False
2026-01-16 00:00:00.024,95569.5,0.018,1720.251,False
2026-01-16 00:00:00.024,95569.7,0.003,286.7091,False
2026-01-16 00:00:00.026,95569.8,0.004,382.2792,False
2026-01-16 00:00:00.026,95569.9,0.002,191.13979999999998,False
2026-01-16 00:00:00.026,95570.0,0.521,49791.97,False
2026-01-16 00:00:00.029,95570.1,0.013,1242.4113,False
2026-01-16 00:00:00.029,95570.2,0.012,1146.8424,False
2026-01-16 00:00:00.029,95570.3,0.005,477.85150000000004,False
2026-01-16 00:00:00.055,95570.4,0.039,3727.2455999999997,True
2026-01-16 00:00:00.087,95570.5,0.036,3440.5379999999996,False
2026-01-16 00:00:00.115,95570.7,0.01,955.707,False
2026-01-16 00:00:00.115,95571.0,0.002,191.142,False
2026-01-16 00:00:00.125,95571.2,0.006,573.4272,False
2026-01-16 00:00:00.125,95571.6,0.002,191.1432,False
2026-01-16 00:00:00.125,95571.8,0.002,191.14360000000002,False
2026-01-16 00:00:00.125,95572.2,0.002,191.1444,False
2026-01-16 00:00:00.125,95572.4,0.004,382.2896,False
2026-01-16 00:00:00.125,95572.5,0.002,191.145,False
2026-01-16 00:00:00.125,95572.6,0.004,382.29040000000003,False
2026-01-16 00:00:00.125,95572.9,0.002,191.14579999999998,False
2026-01-16 00:00:00.169,95573.0,0.009,860.1569999999999,True
2026-01-16 00:00:01.380,95573.0,0.02,1911.46,True
2026-01-16 00:00:01.439,95573.1,0.133,12711.222300000001,False
2026-01-16 00:00:01.654,95573.1,0.111,10608.6141,False
2026-01-16 00:00:02.108,95573.0,0.002,191.14600000000002,True
2026-01-16 00:00:02.110,95573.1,0.002,191.14620000000002,False
2026-01-16 00:00:02.301,95573.1,0.156,14909.403600000001,False
2026-01-16 00:00:02.316,95573.0,0.009,860.1569999999999,True
2026-01-16 00:00:02.328,95573.1,0.003,286.71930000000003,False
2026-01-16 00:00:02.332,95573.0,0.224,21408.352,True
2026-01-16 00:00:02.438,95573.0,0.69,65945.37,True
2026-01-16 00:00:02.438,95572.9,0.008,764.5831999999999,True
2026-01-16 00:00:02.438,95572.7,0.002,191.1454,True
2026-01-16 00:00:02.438,95572.5,0.002,191.145,True
2026-01-16 00:00:02.447,95572.0,0.002,191.144,True
2026-01-16 00:00:02.447,95571.8,0.002,191.14360000000002,True
2026-01-16 00:00:02.447,95571.4,0.002,191.1428,True
2026-01-16 00:00:02.447,95571.3,0.002,191.14260000000002,True
2026-01-16 00:00:02.477,95571.2,0.006,573.4272,True
2026-01-16 00:00:02.491,95571.1,0.06,5734.2660000000005,True
2026-01-16 00:00:02.507,95571.0,0.002,191.142,True
2026-01-16 00:00:02.507,95570.8,0.003,286.7124,True
2026-01-16 00:00:02.507,95570.6,0.002,191.14120000000003,True
2026-01-16 00:00:02.507,95570.5,0.002,191.141,True
2026-01-16 00:00:02.507,95570.4,0.028,2675.9712,True
2026-01-16 00:00:02.507,95570.3,0.002,191.1406,True
2026-01-16 00:00:02.507,95570.2,0.028,2675.9656,True
2026-01-16 00:00:02.507,95570.1,0.03,2867.103,True
2026-01-16 00:00:02.507,95570.0,0.056,5351.92,True
2026-01-16 00:00:02.507,95569.9,0.005,477.8495,True
2026-01-16 00:00:02.524,95569.6,0.026,2484.8096,True
2026-01-16 00:00:02.524,95569.2,0.002,191.1384,True
2026-01-16 00:00:02.555,95569.2,0.024,2293.6608,False
2026-01-16 00:00:02.575,95569.1,0.026,2484.7966,True
2026-01-16 00:00:02.585,95569.2,0.002,191.1384,False
2026-01-16 00:00:02.596,95569.1,0.047,4491.7477,True
2026-01-16 00:00:02.596,95568.8,0.002,191.13760000000002,True
2026-01-16 00:00:02.596,95568.7,0.028,2675.9236,True
2026-01-16 00:00:02.596,95568.2,0.005,477.841,True
2026-01-16 00:00:02.596,95568.1,0.002,191.1362,True
2026-01-16 00:00:02.596,95568.0,0.002,191.136,True
2026-01-16 00:00:02.596,95567.7,0.004,382.2708,True
2026-01-16 00:00:02.596,95567.5,0.002,191.135,True
2026-01-16 00:00:02.596,95567.4,0.016,1529.0783999999999,True
2026-01-16 00:00:02.672,95567.3,0.41,39182.593,True
2026-01-16 00:00:02.689,95567.2,0.026,2484.7472,True
2026-01-16 00:00:02.701,95567.0,0.002,191.13400000000001,True
2026-01-16 00:00:02.709,95566.8,0.002,191.1336,True
2026-01-16 00:00:02.709,95566.6,0.005,477.833,True
2026-01-16 00:00:02.709,95566.3,0.002,191.1326,True
2026-01-16 00:00:02.718,95566.0,0.002,191.132,True
2026-01-16 00:00:02.718,95565.9,0.004,382.2636,True
2026-01-16 00:00:02.732,95565.8,0.108,10321.1064,True
2026-01-16 00:00:02.740,95565.5,0.04,3822.62,True
2026-01-16 00:00:02.756,95565.4,0.016,1529.0464,True
2026-01-16 00:00:02.761,95565.3,0.002,191.13060000000002,True
2026-01-16 00:00:02.766,95565.1,0.422,40328.472200000004,True
2026-01-16 00:00:02.770,95564.8,0.003,286.69440000000003,True
2026-01-16 00:00:02.770,95564.4,0.002,191.12879999999998,True
2026-01-16 00:00:02.770,95564.2,0.003,286.69259999999997,True
2026-01-16 00:00:02.770,95564.0,0.002,191.12800000000001,True
2026-01-16 00:00:02.770,95563.9,0.004,382.25559999999996,True
2026-01-16 00:00:02.770,95563.7,0.005,477.8185,True
2026-01-16 00:00:02.770,95563.6,0.002,191.12720000000002,True
2026-01-16 00:00:02.770,95563.5,0.006,573.381,True
2026-01-16 00:00:02.851,95563.4,0.037,3535.8457999999996,True
2026-01-16 00:00:02.888,95563.3,0.002,191.1266,True
2026-01-16 00:00:02.888,95563.1,0.006,573.3786,True
2026-01-16 00:00:02.888,95562.8,0.002,191.12560000000002,True
2026-01-16 00:00:02.888,95562.5,0.002,191.125,True
2026-01-16 00:00:02.888,95562.3,0.002,191.12460000000002,True
2026-01-16 00:00:02.888,95562.1,0.004,382.2484,True
2026-01-16 00:00:02.964,95562.1,0.512,48927.7952,False
2026-01-16 00:00:03.013,95562.0,0.014,1337.868,True
2026-01-16 00:00:03.252,95562.0,0.01,955.62,True
2026-01-16 00:00:03.747,95562.0,0.015,1433.4299999999998,True
2026-01-16 00:00:04.009,95562.1,0.03,2866.8630000000003,False
2026-01-16 00:00:04.151,95562.1,0.002,191.1242,False
2026-01-16 00:00:04.255,95562.1,0.063,6020.4123,False
2026-01-16 00:00:04.470,95562.1,0.743,71002.6403,False
2026-01-16 00:00:04.689,95562.0,0.004,382.248,True
2026-01-16 00:00:05.011,95562.0,0.002,191.124,True
2026-01-16 00:00:05.287,95562.1,0.004,382.2484,False
2026-01-16 00:00:05.455,95562.1,0.039,3726.9219000000003,False
2026-01-16 00:00:05.642,95562.0,0.148,14143.176,True
2026-01-16 00:00:05.806,95562.0,0.491,46920.942,True
2026-01-16 00:00:06.123,95562.0,0.005,477.81,True
2026-01-16 00:00:06.221,95562.1,0.002,191.1242,False
2026-01-16 00:00:06.522,95562.1,0.005,477.81050000000005,False
2026-01-16 00:00:06.671,95562.0,0.001,95.562,True
2026-01-16 00:00:06.703,95562.1,0.068,6498.2228000000005,False
2026-01-16 00:00:07.153,95562.0,0.048,4586.976,True
2026-01-16 00:00:07.360,95562.1,0.035,3344.6735000000003,False
2026-01-16 00:00:07.414,95562.0,0.008,764.496,True
2026-01-16 00:00:07.432,95562.1,0.5,47781.05,False
2026-01-16 00:00:07.543,95562.1,0.026,2484.6146,False
2026-01-16 00:00:07.561,95562.0,0.002,191.124,True
2026-01-16 00:00:07.664,95562.0,0.002,191.124,True
2026-01-16 00:00:08.015,95562.0,0.004,382.248,True
2026-01-16 00:00:08.059,95562.1,0.014,1337.8694,False
2026-01-16 00:00:08.102,95562.0,0.002,191.124,True
2026-01-16 00:00:08.299,95562.0,0.627,59917.374,True
2026-01-16 00:00:08.395,95562.1,0.003,286.6863,False
2026-01-16 00:00:08.536,95562.0,0.003,286.686,True
2026-01-16 00:00:08.624,95562.1,0.015,1433.4315000000001,False
2026-01-16 00:00:08.629,95562.0,0.041,3918.0420000000004,True
2026-01-16 00:00:09.025,95562.0,0.007,668.934,True
2026-01-16 00:00:09.158,95562.0,0.008,764.496,True
2026-01-16 00:00:09.174,95562.1,0.002,191.1242,False
2026-01-16 00:00:09.343,95562.0,0.001,95.562,True
2026-01-16 00:00:09.373,95562.1,0.062,5924.850200000001,False
2026-01-16 00:00:09.585,95562.1,0.003,286.6863,False
2026-01-16 00:00:09.704,95562.1,0.004,382.2484,False
2026-01-16 00:00:09.872,95562.1,0.477,45583.1217,False
2026-01-16 00:00:09.975,95562.1,0.02,1911.2420000000002,False
2026-01-16 00:00:09.981,95562.0,0.005,477.81,True
2026-01-16 00:00:10.051,95562.1,0.01,955.6210000000001,False
2026-01-16 00:00:10.056,95562.0,0.01,955.62,True
2026-01-16 00:00:10.108,95562.1,0.013,1242.3073,False
2026-01-16 00:00:10.235,95562.0,0.002,191.124,True
2026-01-16 00:00:10.245,95562.1,0.022,2102.3662,False
2026-01-16 00:00:10.324,95562.0,0.005,477.81,True
2026-01-16 00:00:10.358,95562.1,0.03,2866.8630000000003,False
2026-01-16 00:00:10.481,95562.1,0.102,9747.3342,False
2026-01-16 00:00:10.598,95562.0,0.016,1528.992,True
2026-01-16 00:00:10.608,95562.1,0.01,955.6210000000001,False
2026-01-16 00:00:10.717,95562.1,0.01,955.6210000000001,False
2026-01-16 00:00:10.760,95562.0,0.003,286.686,True
2026-01-16 00:00:10.764,95562.1,0.006,573.3726,False
2026-01-16 00:00:10.772,95562.0,0.787,75207.29400000001,True
2026-01-16 00:00:10.772,95561.8,0.004,382.2472,True
2026-01-16 00:00:10.772,95561.3,0.002,191.1226,True
2026-01-16 00:00:10.772,95560.8,0.004,382.2432,True
2026-01-16 00:00:10.772,95560.6,0.003,286.6818,True
2026-01-16 00:00:10.772,95560.4,0.002,191.1208,True
2026-01-16 00:00:10.772,95560.3,0.002,191.1206,True
2026-01-16 00:00:10.772,95560.2,0.006,573.3611999999999,True
2026-01-16 00:00:10.772,95560.1,0.017,1624.5217000000002,True
2026-01-16 00:00:10.772,95560.0,0.002,191.12,True
2026-01-16 00:00:10.773,95559.8,0.003,286.6794,True
2026-01-16 00:00:10.777,95559.7,0.004,382.23879999999997,True
2026-01-16 00:00:10.777,95559.4,0.003,286.6782,True
2026-01-16 00:00:10.778,95559.3,0.008,764.4744000000001,True
2026-01-16 00:00:10.778,95559.1,0.001,95.5591,True
2026-01-16 00:00:10.778,95559.0,0.002,191.118,True
2026-01-16 00:00:10.784,95558.9,0.006,573.3534,True
2026-01-16 00:00:10.784,95558.8,0.015,1433.382,True
2026-01-16 00:00:10.784,95558.7,0.007,668.9109,True
2026-01-16 00:00:10.784,95558.6,0.002,191.11720000000003,True
2026-01-16 00:00:10.787,95558.5,0.031,2962.3135,True
2026-01-16 00:00:10.787,95558.3,0.002,191.1166,True
2026-01-16 00:00:10.787,95558.1,0.002,191.11620000000002,True
2026-01-16 00:00:10.787,95558.0,0.207,19780.505999999998,True
2026-01-16 00:00:10.788,95557.9,0.005,477.7895,True
2026-01-16 00:00:10.788,95557.8,0.002,191.1156,True
2026-01-16 00:00:10.788,95557.7,0.004,382.2308,True
2026-01-16 00:00:10.788,95557.6,0.002,191.11520000000002,True
2026-01-16 00:00:10.788,95557.1,0.002,191.1142,True
2026-01-16 00:00:10.788,95557.0,0.002,191.114,True
2026-01-16 00:00:10.788,95556.8,0.002,191.11360000000002,True
2026-01-16 00:00:10.788,95556.6,0.002,191.1132,True
2026-01-16 00:00:10.790,95556.5,0.003,286.6695,True
2026-01-16 00:00:10.790,95556.1,0.002,191.1122,True
2026-01-16 00:00:10.795,95555.9,0.015,1433.3384999999998,True
2026-01-16 00:00:10.795,95555.8,0.002,191.1116,True
2026-01-16 00:00:10.807,95555.7,0.008,764.4456,True
2026-01-16 00:00:10.807,95555.6,0.003,286.6668,True
2026-01-16 00:00:10.807,95555.5,0.002,191.111,True
2026-01-16 00:00:10.813,95555.3,0.005,477.7765,True
2026-01-16 00:00:10.813,95555.2,0.002,191.1104,True
2026-01-16 00:00:10.813,95555.1,0.002,191.11020000000002,True
2026-01-16 00:00:10.813,95555.0,0.012,1146.66,True
2026-01-16 00:00:10.813,95554.5,0.009,859.9904999999999,True
2026-01-16 00:00:10.827,95554.5,0.01,955.5450000000001,False
2026-01-16 00:00:10.896,95554.4,0.041,3917.7304,True
2026-01-16 00:00:11.004,95554.4,0.004,382.2176,True
2026-01-16 00:00:11.046,95554.5,0.01,955.5450000000001,False
2026-01-16 00:00:11.159,95554.5,0.017,1624.4265,False
2026-01-16 00:00:11.259,95554.4,0.002,191.1088,True
2026-01-16 00:00:11.270,95554.5,0.01,955.5450000000001,False
2026-01-16 00:00:11.384,95554.5,0.01,955.5450000000001,False
2026-01-16 00:00:11.493,95554.5,0.01,955.5450000000001,False
2026-01-16 00:00:11.603,95554.5,0.01,955.5450000000001,False
2026-01-16 00:00:11.713,95554.5,0.01,955.5450000000001,False
2026-01-16 00:00:11.717,95554.4,0.018,1719.9791999999998,True
2026-01-16 00:00:11.822,95554.5,0.01,955.5450000000001,False
2026-01-16 00:00:11.931,95554.5,0.01,955.5450000000001,False
2026-01-16 00:00:11.946,95554.4,0.058,5542.1552,True
2026-01-16 00:00:12.041,95554.5,0.01,955.5450000000001,False
2026-01-16 00:00:12.166,95554.5,0.107,10224.3315,False
2026-01-16 00:00:12.276,95554.5,0.01,955.5450000000001,False
2026-01-16 00:00:12.312,95554.4,0.159,15193.149599999999,True
2026-01-16 00:00:12.323,95554.1,0.042,4013.2722000000003,True
2026-01-16 00:00:12.327,95554.0,0.046,4395.484,True
2026-01-16 00:00:12.331,95553.9,0.011,1051.0928999999999,True
2026-01-16 00:00:12.331,95553.6,0.004,382.2144,True
2026-01-16 00:00:12.331,95553.4,0.005,477.767,True
2026-01-16 00:00:12.335,95553.3,0.019,1815.5127,True
2026-01-16 00:00:12.385,95553.3,0.01,955.533,False
2026-01-16 00:00:12.494,95553.3,0.01,955.533,False
2026-01-16 00:00:12.609,95553.3,0.01,955.533,False
2026-01-16 00:00:12.717,95553.3,0.01,955.533,False
2026-01-16 00:00:12.826,95553.3,0.01,955.533,False
2026-01-16 00:00:12.862,95553.2,0.365,34876.918,True
2026-01-16 00:00:12.935,95553.3,0.031,2962.1523,False
2026-01-16 00:00:13.039,95553.2,0.026,2484.3831999999998,True
2026-01-16 00:00:13.039,95553.0,0.002,191.106,True
2026-01-16 00:00:13.039,95552.9,0.002,191.1058,True
2026-01-16 00:00:13.039,95552.6,0.004,382.21040000000005,True
2026-01-16 00:00:13.039,95552.3,0.002,191.1046,True
2026-01-16 00:00:13.039,95552.2,0.002,191.1044,True
2026-01-16 00:00:13.039,95552.1,0.054,5159.8134,True
2026-01-16 00:00:13.039,95552.0,0.004,382.208,True
2026-01-16 00:00:13.039,95551.7,0.008,764.4136,True
2026-01-16 00:00:13.039,95551.5,0.002,191.103,True
2026-01-16 00:00:13.039,95551.4,0.002,191.1028,True
2026-01-16 00:00:13.039,95551.3,0.002,191.10260000000002,True
2026-01-16 00:00:13.039,95551.0,0.004,382.204,True
2026-01-16 00:00:13.039,95550.9,0.004,382.2036,True
2026-01-16 00:00:13.039,95550.8,0.059,5637.4972,True
2026-01-16 00:00:13.044,95550.9,0.012,1146.6108,False
2026-01-16 00:00:13.133,95550.8,0.021,2006.5668000000003,True
2026-01-16 00:00:13.133,95550.7,0.004,382.20279999999997,True
2026-01-16 00:00:13.133,95550.6,0.002,191.1012,True
2026-01-16 00:00:13.179,95550.5,0.119,11370.5095,True
2026-01-16 00:00:13.179,95550.4,0.002,191.1008,True
2026-01-16 00:00:13.180,95550.3,0.016,1528.8048000000001,True
2026-01-16 00:00:13.180,95550.2,0.002,191.1004,True
2026-01-16 00:00:13.180,95550.1,0.002,191.10020000000003,True
2026-01-16 00:00:13.180,95550.0,0.014,1337.7,True
2026-01-16 00:00:13.180,95549.7,0.002,191.0994,True
2026-01-16 00:00:13.180,95549.4,0.006,573.2964,True
2026-01-16 00:00:13.180,95549.3,0.023,2197.6339,True
2026-01-16 00:00:13.198,95549.2,0.004,382.1968,True
2026-01-16 00:00:13.260,95549.2,0.01,955.492,False
2026-01-16 00:00:13.324,95549.1,0.021,2006.5311000000002,True
2026-01-16 00:00:13.374,95549.0,0.085,8121.665000000001,True
2026-01-16 00:00:13.374,95548.8,0.004,382.1952,True
2026-01-16 00:00:13.374,95548.7,0.002,191.0974,True
2026-01-16 00:00:13.374,95548.6,0.002,191.09720000000002,True
2026-01-16 00:00:13.374,95548.1,0.003,286.64430000000004,True
2026-01-16 00:00:13.374,95548.0,0.002,191.096,True
2026-01-16 00:00:13.374,95547.9,0.002,191.0958,True
2026-01-16 00:00:13.374,95547.8,0.002,191.09560000000002,True
2026-01-16 00:00:13.374,95547.4,0.007,668.8317999999999,True
2026-01-16 00:00:13.463,95547.3,0.039,3726.3447,True
2026-01-16 00:00:13.476,95547.4,0.012,1146.5688,False
2026-01-16 00:00:13.586,95547.4,0.01,955.4739999999999,False
2026-01-16 00:00:13.638,95547.3,0.309,29524.115700000002,True
2026-01-16 00:00:13.695,95547.4,0.01,955.4739999999999,False
2026-01-16 00:00:13.739,95547.3,0.002,191.0946,True
2026-01-16 00:00:13.805,95547.4,0.01,955.4739999999999,False
2026-01-16 00:00:13.904,95547.3,0.002,191.0946,True
2026-01-16 00:00:13.914,95547.4,0.01,955.4739999999999,False
2026-01-16 00:00:14.022,95547.3,0.156,14905.3788,True
2026-01-16 00:00:14.022,95547.4,0.01,955.4739999999999,False
2026-01-16 00:00:14.040,95547.3,0.004,382.1892,True
2026-01-16 00:00:14.132,95547.4,0.01,955.4739999999999,False
2026-01-16 00:00:14.136,95547.3,0.006,573.2838,True
2026-01-16 00:00:14.181,95547.4,0.031,2961.9694,False
2026-01-16 00:00:14.350,95547.4,0.01,955.4739999999999,False
2026-01-16 00:00:14.415,95547.3,0.005,477.73650000000004,True
2026-01-16 00:00:14.460,95547.4,0.016,1528.7584,False
2026-01-16 00:00:14.567,95547.4,0.031,2961.9694,False
2026-01-16 00:00:14.586,95547.3,0.089,8503.7097,True
2026-01-16 00:00:14.586,95547.2,0.018,1719.8495999999998,True
2026-01-16 00:00:14.586,95546.9,0.008,764.3752,True
2026-01-16 00:00:14.586,95546.8,0.07,6688.276000000001,True
2026-01-16 00:00:14.586,95546.5,0.002,191.09300000000002,True
2026-01-16 00:00:14.586,95546.4,0.002,191.09279999999998,True
2026-01-16 00:00:14.586,95546.3,0.004,382.1852,True
2026-01-16 00:00:14.586,95546.2,0.004,382.1848,True
2026-01-16 00:00:14.586,95546.0,0.002,191.092,True
2026-01-16 00:00:14.586,95545.9,0.006,573.2754,True
2026-01-16 00:00:14.586,95545.7,0.002,191.0914,True
2026-01-16 00:00:14.586,95545.6,0.003,286.63680000000005,True
2026-01-16 00:00:14.586,95545.4,0.002,191.0908,True
2026-01-16 00:00:14.586,95545.0,0.004,382.18,True
2026-01-16 00:00:14.586,95544.9,0.002,191.0898,True
2026-01-16 00:00:14.586,95544.4,0.002,191.0888,True
2026-01-16 00:00:14.586,95544.3,0.069,6592.556700000001,True
2026-01-16 00:00:14.586,95544.2,0.007,668.8094,True
2026-01-16 00:00:14.586,95544.1,0.004,382.17640000000006,True
2026-01-16 00:00:14.586,95544.0,0.004,382.176,True
2026-01-16 00:00:14.586,95543.6,0.004,382.17440000000005,True
2026-01-16 00:00:14.586,95543.5,0.836,79874.366,True
2026-01-16 00:00:14.586,95543.4,0.242,23121.5028,True
2026-01-16 00:00:14.678,95543.5,0.01,955.4350000000001,False
2026-01-16 00:00:14.768,95543.4,0.013,1242.0641999999998,True
2026-01-16 00:00:14.820,95543.5,0.031,2961.8485,False
2026-01-16 00:00:14.925,95543.5,0.091,8694.4585,False
2026-01-16 00:00:15.114,95543.5,0.01,955.4350000000001,False
2026-01-16 00:00:15.122,95543.4,0.003,286.6302,True
2026-01-16 00:00:15.124,95543.5,0.012,1146.522,False
2026-01-16 00:00:15.252,95543.4,0.002,191.08679999999998,True
2026-01-16 00:00:15.309,95543.5,2.603,248699.7305,False
2026-01-16 00:00:15.442,95543.5,0.01,955.4350000000001,False
2026-01-16 00:00:15.552,95543.5,0.012,1146.522,False
2026-01-16 00:00:15.661,95543.5,0.01,955.4350000000001,False
2026-01-16 00:00:15.697,95543.4,0.154,14713.683599999998,True
2026-01-16 00:00:15.772,95543.5,0.01,955.4350000000001,False
2026-01-16 00:00:15.882,95543.5,0.01,955.4350000000001,False
2026-01-16 00:00:15.913,95543.4,0.001,95.54339999999999,True
2026-01-16 00:00:15.943,95543.5,0.021,2006.4135,False
2026-01-16 00:00:15.970,95543.4,0.001,95.54339999999999,True
2026-01-16 00:00:15.991,95543.5,0.01,955.4350000000001,False
2026-01-16 00:00:16.114,95543.5,0.01,955.4350000000001,False
2026-01-16 00:00:16.180,95543.4,0.06,5732.603999999999,True
2026-01-16 00:00:16.223,95543.5,0.01,955.4350000000001,False
2026-01-16 00:00:16.289,95543.4,0.002,191.08679999999998,True
2026-01-16 00:00:16.332,95543.5,0.01,955.4350000000001,False
2026-01-16 00:00:16.347,95543.4,0.013,1242.0641999999998,True
2026-01-16 00:00:16.441,95543.5,0.01,955.4350000000001,False
2026-01-16 00:00:16.510,95543.4,0.003,286.6302,True
2026-01-16 00:00:16.550,95543.5,0.01,955.4350000000001,False
2026-01-16 00:00:16.556,95543.4,0.056,5350.4304,True
2026-01-16 00:00:16.658,95543.5,0.01,955.4350000000001,False
2026-01-16 00:00:16.767,95543.5,0.01,955.4350000000001,False
2026-01-16 00:00:16.984,95543.5,0.01,955.4350000000001,False
2026-01-16 00:00:17.070,95543.4,0.002,191.08679999999998,True
2026-01-16 00:00:17.093,95543.5,0.01,955.4350000000001,False
2026-01-16 00:00:17.202,95543.5,0.01,955.4350000000001,False
2026-01-16 00:00:17.279,95543.4,0.036,3439.5623999999993,True
2026-01-16 00:00:17.311,95543.5,0.01,955.4350000000001,False
2026-01-16 00:00:17.420,95543.5,0.01,955.4350000000001,False
2026-01-16 00:00:17.433,95543.4,0.013,1242.0641999999998,True
2026-01-16 00:00:17.529,95543.5,0.01,955.4350000000001,False
2026-01-16 00:00:17.639,95543.5,0.01,955.4350000000001,False
2026-01-16 00:00:17.699,95543.4,0.014,1337.6076,True
2026-01-16 00:00:17.748,95543.5,0.01,955.4350000000001,False
2026-01-16 00:00:17.805,95543.4,0.086,8216.732399999999,True
2026-01-16 00:00:17.880,95543.5,0.01,955.4350000000001,False
2026-01-16 00:00:17.989,95543.5,0.01,955.4350000000001,False
2026-01-16 00:00:18.102,95543.5,0.01,955.4350000000001,False
2026-01-16 00:00:18.211,95543.5,0.01,955.4350000000001,False
2026-01-16 00:00:18.322,95543.5,0.037,3535.1095,False
2026-01-16 00:00:18.431,95543.5,0.01,955.4350000000001,False
2026-01-16 00:00:18.456,95543.4,0.139,13280.5326,True
2026-01-16 00:00:18.537,95543.5,0.017,1624.2395000000001,False
2026-01-16 00:00:18.669,95543.5,0.01,955.4350000000001,False
2026-01-16 00:00:18.764,95543.4,0.013,1242.0641999999998,True
2026-01-16 00:00:18.782,95543.5,0.01,955.4350000000001,False
2026-01-16 00:00:18.839,95543.4,0.002,191.08679999999998,True
2026-01-16 00:00:18.891,95543.5,0.01,955.4350000000001,False
2026-01-16 00:00:19.001,95543.5,0.01,955.4350000000001,False
2026-01-16 00:00:19.110,95543.5,0.01,955.4350000000001,False
2026-01-16 00:00:19.165,95543.4,0.013,1242.0641999999998,True
2026-01-16 00:00:19.219,95543.5,0.164,15669.134,False
2026-01-16 00:00:19.329,95543.5,0.012,1146.522,False
2026-01-16 00:00:19.456,95543.5,0.254,24268.049,False
2026-01-16 00:00:19.600,95543.4,0.058,5541.5172,True
2026-01-16 00:00:19.653,95543.5,0.037,3535.1095,False
2026-01-16 00:00:19.762,95543.5,0.015,1433.1525,False
2026-01-16 00:00:19.871,95543.5,0.01,955.4350000000001,False
2026-01-16 00:00:19.980,95543.5,0.01,955.4350000000001,False
2026-01-16 00:00:20.007,95543.4,0.002,191.08679999999998,True
2026-01-16 00:00:20.087,95543.5,0.079,7547.9365,False
2026-01-16 00:00:20.204,95543.5,0.01,955.4350000000001,False
2026-01-16 00:00:20.229,95543.4,0.001,95.54339999999999,True
2026-01-16 00:00:20.313,95543.5,0.01,955.4350000000001,False
2026-01-16 00:00:20.403,95543.4,0.003,286.6302,True
2026-01-16 00:00:20.422,95543.5,0.017,1624.2395000000001,False
2026-01-16 00:00:20.531,95543.5,0.01,955.4350000000001,False
2026-01-16 00:00:20.559,95543.4,0.005,477.717,True
2026-01-16 00:00:20.641,95543.5,0.01,955.4350000000001,False
2026-01-16 00:00:20.744,95543.4,0.013,1242.0641999999998,True
2026-01-16 00:00:20.750,95543.5,0.01,955.4350000000001,False
2026-01-16 00:00:20.859,95543.5,0.013,1242.0655,False
2026-01-16 00:00:20.969,95543.5,0.01,955.4350000000001,False
2026-01-16 00:00:21.078,95543.5,0.11,10509.785,False
2026-01-16 00:00:21.188,95543.5,0.01,955.4350000000001,False
2026-01-16 00:00:21.297,95543.5,0.01,955.4350000000001,False
2026-01-16 00:00:21.409,95543.5,0.01,955.4350000000001,False
2026-01-16 00:00:21.518,95543.5,0.01,955.4350000000001,False
2026-01-16 00:00:21.626,95543.5,0.01,955.4350000000001,False
2026-01-16 00:00:21.736,95543.5,0.01,955.4350000000001,False
2026-01-16 00:00:21.846,95543.5,0.01,955.4350000000001,False
2026-01-16 00:00:21.854,95543.4,0.018,1719.7811999999997,True
2026-01-16 00:00:21.955,95543.5,0.01,955.4350000000001,False
2026-01-16 00:00:22.064,95543.5,0.01,955.4350000000001,False
2026-01-16 00:00:22.173,95543.5,0.01,955.4350000000001,False
2026-01-16 00:00:22.330,95543.4,0.005,477.717,True
2026-01-16 00:00:22.391,95543.5,0.01,955.4350000000001,False
2026-01-16 00:00:22.500,95543.5,0.01,955.4350000000001,False
2026-01-16 00:00:22.609,95543.5,0.01,955.4350000000001,False
2026-01-16 00:00:22.628,95543.4,0.001,95.54339999999999,True
2026-01-16 00:00:22.718,95543.5,0.01,955.4350000000001,False
2026-01-16 00:00:22.827,95543.5,0.254,24268.049,False
2026-01-16 00:00:22.936,95543.5,0.01,955.4350000000001,False
2026-01-16 00:00:23.019,95543.4,0.002,191.08679999999998,True
2026-01-16 00:00:23.022,95543.5,0.058,5541.523,False
2026-01-16 00:00:23.138,95543.5,0.031,2961.8485,False
2026-01-16 00:00:23.174,95543.4,0.026,2484.1283999999996,True
2026-01-16 00:00:23.271,95543.5,0.01,955.4350000000001,False
2026-01-16 00:00:23.380,95543.5,0.01,955.4350000000001,False
2026-01-16 00:00:23.489,95543.5,0.01,955.4350000000001,False
2026-01-16 00:00:23.541,95543.4,0.003,286.6302,True
2026-01-16 00:00:23.599,95543.5,0.01,955.4350000000001,False
2026-01-16 00:00:23.707,95543.5,0.01,955.4350000000001,False
2026-01-16 00:00:23.775,95543.4,0.1,9554.34,True
2026-01-16 00:00:23.923,95543.5,0.01,955.4350000000001,False
2026-01-16 00:00:23.948,95543.4,0.001,95.54339999999999,True
2026-01-16 00:00:24.138,95543.5,0.072,6879.132,False
2026-01-16 00:00:24.247,95543.5,0.01,955.4350000000001,False
2026-01-16 00:00:24.316,95543.4,0.415,39650.511,True
2026-01-16 00:00:24.356,95543.5,0.01,955.4350000000001,False
2026-01-16 00:00:24.466,95543.5,0.01,955.4350000000001,False
2026-01-16 00:00:24.517,95543.4,0.002,191.08679999999998,True
2026-01-16 00:00:24.575,95543.5,0.168,16051.308,False
2026-01-16 00:00:24.685,95543.5,0.01,955.4350000000001,False
2026-01-16 00:00:24.753,95543.4,0.013,1242.0641999999998,True
2026-01-16 00:00:24.759,95543.5,0.012,1146.522,False
2026-01-16 00:00:24.817,95543.4,0.001,95.54339999999999,True
2026-01-16 00:00:24.904,95543.5,0.01,955.4350000000001,False
2026-01-16 00:00:25.013,95543.5,0.01,955.4350000000001,False
2026-01-16 00:00:25.124,95543.5,0.321,30669.4635,False
2026-01-16 00:00:25.233,95543.5,0.01,955.4350000000001,False
2026-01-16 00:00:25.260,95543.4,0.071,6783.581399999999,True
2026-01-16 00:00:25.342,95543.5,0.01,955.4350000000001,False
2026-01-16 00:00:25.451,95543.5,0.01,955.4350000000001,False
2026-01-16 00:00:25.568,95543.5,0.01,955.4350000000001,False
2026-01-16 00:00:25.677,95543.5,0.01,955.4350000000001,False
2026-01-16 00:00:25.754,95543.4,0.099,9458.7966,True
2026-01-16 00:00:25.785,95543.5,0.015,1433.1525,False
2026-01-16 00:00:25.888,95543.5,0.039,3726.1965,False
2026-01-16 00:00:26.003,95543.4,1.708,163188.1272,True
2026-01-16 00:00:26.004,95543.5,0.01,955.4350000000001,False
2026-01-16 00:00:26.005,95543.4,0.525,50160.284999999996,True
2026-01-16 00:00:26.005,95543.3,0.028,2675.2124000000003,True
2026-01-16 00:00:26.005,95543.2,0.018,1719.7776,True
2026-01-16 00:00:26.006,95542.8,0.002,191.0856,True
2026-01-16 00:00:26.006,95542.6,0.002,191.08520000000001,True
2026-01-16 00:00:26.006,95542.4,0.002,191.0848,True
2026-01-16 00:00:26.006,95542.3,0.002,191.08460000000002,True
2026-01-16 00:00:26.006,95542.2,0.004,382.1688,True
2026-01-16 00:00:26.006,95542.1,0.015,1433.1315,True
2026-01-16 00:00:26.006,95541.9,0.002,191.0838,True
2026-01-16 00:00:26.006,95541.7,0.002,191.0834,True
2026-01-16 00:00:26.006,95541.6,0.002,191.0832,True
2026-01-16 00:00:26.011,95541.3,0.002,191.0826,True
2026-01-16 00:00:26.020,95541.2,0.008,764.3296,True
2026-01-16 00:00:26.020,95541.0,0.002,191.082,True
2026-01-16 00:00:26.020,95540.8,0.002,191.0816,True
2026-01-16 00:00:26.020,95540.5,0.002,191.08100000000002,True
2026-01-16 00:00:26.020,95540.4,0.002,191.08079999999998,True
2026-01-16 00:00:26.020,95540.3,0.003,286.6209,True
2026-01-16 00:00:26.020,95540.1,0.002,191.08020000000002,True
2026-01-16 00:00:26.046,95540.0,0.035,3343.9,True
2026-01-16 00:00:26.151,95540.0,0.158,15095.32,True
2026-01-16 00:00:26.153,95539.9,0.002,191.0798,True
2026-01-16 00:00:26.153,95539.8,0.002,191.0796,True
2026-01-16 00:00:26.153,95539.4,0.002,191.0788,True
2026-01-16 00:00:26.153,95539.3,0.005,477.6965,True
2026-01-16 00:00:26.153,95539.2,0.002,191.0784,True
2026-01-16 00:00:26.153,95539.1,0.002,191.0782,True
2026-01-16 00:00:26.201,95539.0,0.124,11846.836,True
2026-01-16 00:00:26.201,95538.8,0.002,191.07760000000002,True
2026-01-16 00:00:26.201,95538.5,0.003,286.6155,True
2026-01-16 00:00:26.201,95538.0,0.004,382.152,True
2026-01-16 00:00:26.201,95537.9,0.002,191.0758,True
2026-01-16 00:00:26.201,95537.7,0.006,573.2262,True
2026-01-16 00:00:26.201,95537.6,0.002,191.07520000000002,True
2026-01-16 00:00:26.201,95537.5,0.004,382.15000000000003,True
2026-01-16 00:00:26.201,95537.4,0.002,191.07479999999998,True
2026-01-16 00:00:26.201,95537.0,0.002,191.074,True
2026-01-16 00:00:26.201,95536.9,0.004,382.1476,True
2026-01-16 00:00:26.201,95536.8,0.003,286.6104,True
2026-01-16 00:00:26.201,95536.7,0.002,191.0734,True
2026-01-16 00:00:26.201,95536.3,0.002,191.07260000000002,True
2026-01-16 00:00:26.201,95536.2,0.005,477.681,True
2026-01-16 00:00:26.201,95535.9,0.005,477.67949999999996,True
2026-01-16 00:00:26.201,95535.7,0.002,191.0714,True
2026-01-16 00:00:26.201,95535.5,0.005,477.6775,True
2026-01-16 00:00:26.201,95535.3,0.002,191.0706,True
2026-01-16 00:00:26.201,95535.2,0.003,286.6056,True
2026-01-16 00:00:26.201,95535.1,0.002,191.07020000000003,True
2026-01-16 00:00:26.201,95535.0,0.004,382.14,True
2026-01-16 00:00:26.201,95534.8,0.006,573.2088,True
2026-01-16 00:00:26.201,95534.7,0.004,382.1388,True
2026-01-16 00:00:26.201,95534.6,0.028,2674.9688,True
2026-01-16 00:00:26.220,95534.7,0.01,955.347,False
2026-01-16 00:00:26.238,95534.6,0.002,191.06920000000002,True
2026-01-16 00:00:26.329,95534.7,0.01,955.347,False
2026-01-16 00:00:26.338,95534.6,0.013,1241.9498,True
2026-01-16 00:00:26.438,95534.7,0.01,955.347,False
2026-01-16 00:00:26.548,95534.7,0.01,955.347,False
2026-01-16 00:00:26.556,95534.6,1.911,182566.62060000002,True
2026-01-16 00:00:26.556,95534.5,0.006,573.207,True
2026-01-16 00:00:26.556,95534.4,0.002,191.06879999999998,True
2026-01-16 00:00:26.556,95534.2,0.002,191.0684,True
2026-01-16 00:00:26.556,95533.5,0.004,382.134,True
2026-01-16 00:00:26.556,95533.4,0.052,4967.7368,True
2026-01-16 00:00:26.556,95533.3,0.004,382.13320000000004,True
2026-01-16 00:00:26.556,95533.2,0.004,382.1328,True
2026-01-16 00:00:26.556,95532.9,0.002,191.0658,True
2026-01-16 00:00:26.556,95532.7,0.002,191.0654,True
2026-01-16 00:00:26.556,95532.5,0.002,191.065,True
2026-01-16 00:00:26.556,95532.4,0.004,382.1296,True
2026-01-16 00:00:26.556,95532.3,0.054,5158.7442,True
2026-01-16 00:00:26.556,95532.2,0.004,382.1288,True
2026-01-16 00:00:26.556,95532.0,0.002,191.064,True
2026-01-16 00:00:26.556,95531.9,0.007,668.7233,True
2026-01-16 00:00:26.556,95531.8,0.004,382.1272,True
2026-01-16 00:00:26.556,95531.7,0.004,382.1268,True
2026-01-16 00:00:26.556,95531.2,0.007,668.7184,True
2026-01-16 00:00:26.556,95531.0,0.002,191.062,True
2026-01-16 00:00:26.556,95530.6,0.002,191.0612,True
2026-01-16 00:00:26.556,95530.5,0.002,191.061,True
2026-01-16 00:00:26.556,95530.4,0.002,191.0608,True
2026-01-16 00:00:26.556,95530.3,0.005,477.6515,True
2026-01-16 00:00:26.556,95530.2,0.787,75182.2674,True
2026-01-16 00:00:26.556,95530.1,0.658,62858.80580000001,True
2026-01-16 00:00:26.556,95530.0,2.465,235481.44999999998,True
2026-01-16 00:00:26.566,95530.1,0.003,286.5903,False
2026-01-16 00:00:26.610,95530.0,0.001,95.53,True
2026-01-16 00:00:26.658,95530.1,0.01,955.301,False
2026-01-16 00:00:26.744,95530.0,0.09,8597.699999999999,True
2026-01-16 00:00:26.767,95530.1,0.013,1241.8913,False
2026-01-16 00:00:26.876,95530.1,0.01,955.301,False
2026-01-16 00:00:26.973,95530.0,0.061,5827.33,True
2026-01-16 00:00:26.988,95530.1,0.013,1241.8913,False
2026-01-16 00:00:27.072,95530.0,0.003,286.59000000000003,True
2026-01-16 00:00:27.205,95530.1,0.016,1528.4816,False
2026-01-16 00:00:27.308,95530.0,0.061,5827.33,True
2026-01-16 00:00:27.316,95530.1,0.01,955.301,False
2026-01-16 00:00:27.422,95530.0,0.013,1241.8899999999999,True
2026-01-16 00:00:27.425,95530.1,0.022,2101.6622,False
2026-01-16 00:00:27.542,95530.1,0.01,955.301,False
2026-01-16 00:00:27.651,95530.1,0.01,955.301,False
2026-01-16 00:00:27.700,95530.0,0.002,191.06,True
2026-01-16 00:00:27.760,95530.1,0.045,4298.8545,False
2026-01-16 00:00:27.869,95530.1,0.01,955.301,False
2026-01-16 00:00:27.912,95530.0,0.026,2483.7799999999997,True
2026-01-16 00:00:27.987,95530.1,0.01,955.301,False
2026-01-16 00:00:28.015,95530.0,0.005,477.65000000000003,True
2026-01-16 00:00:28.107,95530.1,0.01,955.301,False
2026-01-16 00:00:28.217,95530.1,0.01,955.301,False
2026-01-16 00:00:28.326,95530.1,0.01,955.301,False
2026-01-16 00:00:28.437,95530.1,0.01,955.301,False
2026-01-16 00:00:28.546,95530.1,0.01,955.301,False
2026-01-16 00:00:28.655,95530.1,0.01,955.301,False
2026-01-16 00:00:28.764,95530.1,0.01,955.301,False
2026-01-16 00:00:28.873,95530.1,0.01,955.301,False
2026-01-16 00:00:28.982,95530.1,0.01,955.301,False
2026-01-16 00:00:29.093,95530.1,4.797,458257.8897,False
2026-01-16 00:00:29.094,95530.2,0.182,17386.4964,False
2026-01-16 00:00:29.094,95530.3,0.002,191.06060000000002,False
2026-01-16 00:00:29.094,95530.4,0.05,4776.5199999999995,False
2026-01-16 00:00:29.100,95530.6,0.002,191.0612,False
2026-01-16 00:00:29.105,95531.1,0.004,382.12440000000004,False
2026-01-16 00:00:29.113,95531.5,0.002,191.06300000000002,False
2026-01-16 00:00:29.113,95531.8,0.002,191.0636,False
2026-01-16 00:00:29.113,95531.9,0.002,191.0638,False
2026-01-16 00:00:29.113,95532.0,0.05,4776.6,False
2026-01-16 00:00:29.122,95532.1,0.005,477.6605,False
2026-01-16 00:00:29.122,95532.2,0.002,191.0644,False
2026-01-16 00:00:29.122,95532.4,0.003,286.5972,False
2026-01-16 00:00:29.122,95532.9,0.002,191.0658,False
2026-01-16 00:00:29.122,95533.3,0.003,286.5999,False
2026-01-16 00:00:29.122,95533.4,0.01,955.334,False
2026-01-16 00:00:29.122,95533.5,0.002,191.067,False
2026-01-16 00:00:29.122,95533.6,0.002,191.0672,False
2026-01-16 00:00:29.122,95534.0,0.002,191.068,False
2026-01-16 00:00:29.122,95534.1,0.007,668.7387000000001,False
2026-01-16 00:00:29.122,95534.4,0.002,191.06879999999998,False
2026-01-16 00:00:29.129,95534.5,0.001,95.53450000000001,False
2026-01-16 00:00:29.129,95534.6,0.006,573.2076000000001,False
2026-01-16 00:00:29.134,95534.6,0.013,1241.9498,True
2026-01-16 00:00:29.135,95534.7,0.065,6209.7555,False
2026-01-16 00:00:29.140,95534.9,0.002,191.0698,False
2026-01-16 00:00:29.140,95535.0,0.002,191.07,False
2026-01-16 00:00:29.149,95535.2,0.002,191.0704,False
2026-01-16 00:00:29.309,95535.2,0.01,955.352,False
2026-01-16 00:00:29.317,95535.1,0.002,191.07020000000003,True
2026-01-16 00:00:29.418,95535.2,0.01,955.352,False
2026-01-16 00:00:29.523,95535.2,0.012,1146.4224,False
2026-01-16 00:00:29.636,95535.2,0.01,955.352,False
2026-01-16 00:00:29.745,95535.2,0.01,955.352,False
2026-01-16 00:00:29.854,95535.2,0.01,955.352,False
2026-01-16 00:00:29.963,95535.2,0.013,1241.9576,False
2026-01-16 00:00:30.073,95535.2,0.031,2961.5912,False
2026-01-16 00:00:30.182,95535.2,0.01,955.352,False
2026-01-16 00:00:30.292,95535.2,0.01,955.352,False
2026-01-16 00:00:30.407,95535.2,0.01,955.352,False
2026-01-16 00:00:30.509,95535.1,0.013,1241.9563,True
2026-01-16 00:00:30.517,95535.2,0.377,36016.7704,False
2026-01-16 00:00:30.623,95535.2,0.02,1910.704,False
2026-01-16 00:00:30.734,95535.2,0.035,3343.7320000000004,False
2026-01-16 00:00:30.843,95535.2,0.01,955.352,False
2026-01-16 00:00:30.954,95535.2,0.01,955.352,False
2026-01-16 00:00:31.063,95535.2,0.01,955.352,False
2026-01-16 00:00:31.119,95535.1,0.015,1433.0265,True
2026-01-16 00:00:31.172,95535.2,0.01,955.352,False
2026-01-16 00:00:31.238,95535.1,0.001,95.53510000000001,True
2026-01-16 00:00:31.283,95535.2,0.01,955.352,False
2026-01-16 00:00:31.392,95535.2,0.01,955.352,False
2026-01-16 00:00:31.502,95535.2,0.01,955.352,False
2026-01-16 00:00:31.612,95535.2,0.01,955.352,False
2026-01-16 00:00:31.655,95535.1,0.002,191.07020000000003,True
2026-01-16 00:00:31.721,95535.2,0.038,3630.3376,False
2026-01-16 00:00:31.830,95535.2,0.01,955.352,False
2026-01-16 00:00:31.939,95535.2,0.01,955.352,False
2026-01-16 00:00:32.048,95535.2,0.01,955.352,False
2026-01-16 00:00:32.064,95535.1,0.015,1433.0265,True
2026-01-16 00:00:32.158,95535.2,0.01,955.352,False
2026-01-16 00:00:32.218,95535.1,0.079,7547.272900000001,True
2026-01-16 00:00:32.267,95535.2,0.01,955.352,False
2026-01-16 00:00:32.377,95535.2,0.01,955.352,False
2026-01-16 00:00:32.558,95535.1,0.001,95.53510000000001,True
2026-01-16 00:00:32.591,95535.2,0.02,1910.704,False
2026-01-16 00:00:32.700,95535.2,0.01,955.352,False
2026-01-16 00:00:32.810,95535.2,0.013,1241.9576,False
2026-01-16 00:00:32.918,95535.2,0.01,955.352,False
2026-01-16 00:00:33.027,95535.2,0.01,955.352,False
2026-01-16 00:00:33.136,95535.2,0.091,8693.7032,False
2026-01-16 00:00:33.245,95535.2,0.01,955.352,False
2026-01-16 00:00:33.322,95535.1,0.013,1241.9563,True
2026-01-16 00:00:33.332,95535.2,0.034,3248.1968,False
2026-01-16 00:00:33.463,95535.2,0.01,955.352,False
2026-01-16 00:00:33.678,95535.2,0.01,955.352,False
2026-01-16 00:00:33.775,95535.1,0.001,95.53510000000001,True
2026-01-16 00:00:33.787,95535.2,0.01,955.352,False
2026-01-16 00:00:33.858,95535.1,0.001,95.53510000000001,True
2026-01-16 00:00:33.896,95535.2,0.01,955.352,False
2026-01-16 00:00:34.010,95535.2,0.012,1146.4224,False
2026-01-16 00:00:34.120,95535.2,3.481,332558.03119999997,False
2026-01-16 00:00:34.201,95535.3,0.155,14807.9715,False
2026-01-16 00:00:34.201,95535.4,0.176,16814.230399999997,False
2026-01-16 00:00:34.201,95535.5,0.026,2483.923,False
2026-01-16 00:00:34.201,95535.7,0.002,191.0714,False
2026-01-16 00:00:34.201,95535.8,0.002,191.07160000000002,False
2026-01-16 00:00:34.201,95535.9,0.022,2101.7897999999996,False
2026-01-16 00:00:34.201,95536.2,0.002,191.0724,False
2026-01-16 00:00:34.201,95536.6,0.01,955.3660000000001,False
2026-01-16 00:00:34.201,95536.7,0.002,191.0734,False
2026-01-16 00:00:34.201,95536.8,0.002,191.0736,False
2026-01-16 00:00:34.207,95536.9,0.004,382.1476,False
2026-01-16 00:00:34.207,95537.0,0.051,4872.387,False
2026-01-16 00:00:34.207,95537.1,0.002,191.07420000000002,False
2026-01-16 00:00:34.210,95537.6,0.004,382.15040000000005,False
2026-01-16 00:00:34.210,95537.8,0.003,286.6134,False
2026-01-16 00:00:34.215,95538.0,0.002,191.076,False
2026-01-16 00:00:34.215,95538.1,0.002,191.07620000000003,False
2026-01-16 00:00:34.215,95538.3,0.002,191.0766,False
2026-01-16 00:00:34.215,95538.5,0.003,286.6155,False
2026-01-16 00:00:34.215,95538.6,0.002,191.0772,False
2026-01-16 00:00:34.215,95538.7,0.006,573.2322,False
2026-01-16 00:00:34.223,95539.2,0.004,382.1568,False
2026-01-16 00:00:34.228,95539.3,0.186,17770.3098,False
2026-01-16 00:00:34.228,95539.4,0.002,191.0788,False
2026-01-16 00:00:34.228,95539.5,0.002,191.079,False
2026-01-16 00:00:34.228,95539.7,0.004,382.1588,False
2026-01-16 00:00:34.228,95539.9,0.306,29235.209399999996,False
2026-01-16 00:00:34.247,95540.1,0.004,382.16040000000004,False
2026-01-16 00:00:34.247,95540.2,0.002,191.0804,False
2026-01-16 00:00:34.247,95540.3,0.052,4968.0956,False
2026-01-16 00:00:34.263,95540.5,0.005,477.7025,False
2026-01-16 00:00:34.263,95541.1,0.008,764.3288000000001,False
2026-01-16 00:00:34.263,95541.3,0.003,286.6239,False
2026-01-16 00:00:34.263,95541.4,0.004,382.1656,False
2026-01-16 00:00:34.263,95541.6,0.004,382.1664,False
2026-01-16 00:00:34.263,95541.7,1.439,137484.5063,False
2026-01-16 00:00:34.266,95541.8,0.006,573.2508,False
2026-01-16 00:00:34.275,95542.0,0.002,191.084,False
2026-01-16 00:00:34.275,95542.3,0.005,477.7115,False
2026-01-16 00:00:34.275,95542.4,2.269,216785.7056,False
2026-01-16 00:00:34.349,95542.3,0.032,3057.3536000000004,True
2026-01-16 00:00:34.463,95542.4,0.145,13853.647999999997,False
2026-01-16 00:00:34.491,95542.6,0.002,191.08520000000001,False
2026-01-16 00:00:34.491,95542.7,0.181,17293.2287,False
2026-01-16 00:00:34.491,95542.8,0.004,382.1712,False
2026-01-16 00:00:34.491,95542.9,0.183,17484.3507,False
2026-01-16 00:00:34.491,95543.0,0.004,382.172,False
2026-01-16 00:00:34.491,95543.1,0.002,191.08620000000002,False
2026-01-16 00:00:34.519,95543.1,0.013,1242.0603,True
2026-01-16 00:00:34.572,95543.2,0.01,955.432,False
2026-01-16 00:00:34.640,95543.1,0.05,4777.155000000001,True
2026-01-16 00:00:34.642,95543.2,0.013,1242.0616,False
2026-01-16 00:00:34.790,95543.2,0.01,955.432,False
2026-01-16 00:00:34.899,95543.2,0.01,955.432,False
2026-01-16 00:00:35.008,95543.2,0.01,955.432,False
2026-01-16 00:00:35.069,95543.1,0.002,191.08620000000002,True
2026-01-16 00:00:35.117,95543.2,0.01,955.432,False
2026-01-16 00:00:35.201,95543.1,0.013,1242.0603,True
2026-01-16 00:00:35.226,95543.2,0.01,955.432,False
2026-01-16 00:00:35.239,95543.1,0.014,1337.6034000000002,True
2026-01-16 00:00:35.335,95543.2,1.699,162327.8968,False
2026-01-16 00:00:35.449,95543.2,0.01,955.432,False
2026-01-16 00:00:35.471,95543.1,0.001,95.54310000000001,True
2026-01-16 00:00:35.558,95543.2,0.012,1146.5184,False
2026-01-16 00:00:35.667,95543.2,0.013,1242.0616,False
2026-01-16 00:00:35.740,95543.1,0.124,11847.3444,True
2026-01-16 00:00:35.776,95543.2,0.01,955.432,False
2026-01-16 00:00:35.793,95543.1,0.001,95.54310000000001,True
2026-01-16 00:00:35.886,95543.2,0.01,955.432,False
2026-01-16 00:00:35.996,95543.2,0.01,955.432,False
2026-01-16 00:00:36.105,95543.2,0.01,955.432,False
2026-01-16 00:00:36.133,95543.1,0.017,1624.2327000000002,True
2026-01-16 00:00:36.319,95543.2,0.013,1242.0616,False
2026-01-16 00:00:36.404,95543.1,0.013,1242.0603,True
2026-01-16 00:00:36.429,95543.2,0.01,955.432,False
2026-01-16 00:00:36.538,95543.2,0.01,955.432,False
2026-01-16 00:00:36.647,95543.2,0.01,955.432,False
2026-01-16 00:00:36.757,95543.2,0.062,5923.6784,False
2026-01-16 00:00:36.866,95543.2,0.01,955.432,False
2026-01-16 00:00:36.974,95543.2,0.014,1337.6048,False
2026-01-16 00:00:37.084,95543.2,0.012,1146.5184,False
2026-01-16 00:00:37.194,95543.2,0.01,955.432,False
2026-01-16 00:00:37.303,95543.2,1.577,150671.62639999998,False
2026-01-16 00:00:37.412,95543.2,0.01,955.432,False
2026-01-16 00:00:37.522,95543.2,0.01,955.432,False
2026-01-16 00:00:37.630,95543.2,0.01,955.432,False
2026-01-16 00:00:37.648,95543.1,0.013,1242.0603,True
2026-01-16 00:00:37.740,95543.2,0.01,955.432,False
2026-01-16 00:00:37.851,95543.2,0.01,955.432,False
2026-01-16 00:00:37.960,95543.2,0.041,3917.2712,False
2026-01-16 00:00:37.990,95543.3,0.006,573.2598,False
2026-01-16 00:00:37.990,95543.4,0.008,764.3471999999999,False
2026-01-16 00:00:38.069,95543.5,0.01,955.4350000000001,False
2026-01-16 00:00:38.110,95543.4,0.002,191.08679999999998,True
2026-01-16 00:00:38.178,95543.5,0.01,955.4350000000001,False
2026-01-16 00:00:38.286,95543.5,0.01,955.4350000000001,False
2026-01-16 00:00:38.353,95543.4,0.02,1910.868,True
2026-01-16 00:00:38.395,95543.5,0.01,955.4350000000001,False
2026-01-16 00:00:38.505,95543.5,0.01,955.4350000000001,False
2026-01-16 00:00:38.573,95543.4,0.189,18057.7026,True
2026-01-16 00:00:38.613,95543.5,0.02,1910.8700000000001,False
2026-01-16 00:00:38.722,95543.5,0.026,2484.131,False
2026-01-16 00:00:38.831,95543.5,0.01,955.4350000000001,False
2026-01-16 00:00:38.940,95543.5,0.02,1910.8700000000001,False
2026-01-16 00:00:39.008,95543.4,0.001,95.54339999999999,True
2026-01-16 00:00:39.050,95543.5,0.01,955.4350000000001,False
2026-01-16 00:00:39.089,95543.4,0.06,5732.603999999999,True
2026-01-16 00:00:39.159,95543.5,0.01,955.4350000000001,False
2026-01-16 00:00:39.172,95543.4,0.023,2197.4982,True
2026-01-16 00:00:39.269,95543.5,0.01,955.4350000000001,False
2026-01-16 00:00:39.378,95543.5,0.01,955.4350000000001,False
2026-01-16 00:00:39.487,95543.5,0.01,955.4350000000001,False
2026-01-16 00:00:39.515,95543.4,0.004,382.17359999999996,True
2026-01-16 00:00:39.597,95543.5,0.01,955.4350000000001,False
2026-01-16 00:00:39.706,95543.5,0.01,955.4350000000001,False
2026-01-16 00:00:39.920,95543.5,0.01,955.4350000000001,False
2026-01-16 00:00:40.029,95543.5,0.01,955.4350000000001,False
2026-01-16 00:00:40.138,95543.5,0.01,955.4350000000001,False
2026-01-16 00:00:40.247,95543.5,0.01,955.4350000000001,False
2026-01-16 00:00:40.311,95543.4,0.007,668.8038,True
2026-01-16 00:00:40.357,95543.5,0.01,955.4350000000001,False
2026-01-16 00:00:40.471,95543.5,0.01,955.4350000000001,False
2026-01-16 00:00:40.582,95543.5,0.015,1433.1525,False
2026-01-16 00:00:40.691,95543.5,0.01,955.4350000000001,False
2026-01-16 00:00:40.801,95543.5,0.01,955.4350000000001,False
2026-01-16 00:00:40.912,95543.5,0.01,955.4350000000001,False
2026-01-16 00:00:41.016,95543.4,0.002,191.08679999999998,True
2026-01-16 00:00:41.021,95543.5,0.01,955.4350000000001,False
2026-01-16 00:00:41.131,95543.5,0.01,955.4350000000001,False
2026-01-16 00:00:41.239,95543.5,0.01,955.4350000000001,False
2026-01-16 00:00:41.348,95543.5,0.01,955.4350000000001,False
2026-01-16 00:00:41.458,95543.5,0.01,955.4350000000001,False
2026-01-16 00:00:41.567,95543.5,0.01,955.4350000000001,False
2026-01-16 00:00:41.680,95543.5,0.01,955.4350000000001,False
2026-01-16 00:00:41.788,95543.5,0.122,11656.306999999999,False
2026-01-16 00:00:41.890,95543.4,0.002,191.08679999999998,True
2026-01-16 00:00:41.897,95543.5,0.01,955.4350000000001,False
2026-01-16 00:00:42.006,95543.5,0.01,955.4350000000001,False
2026-01-16 00:00:42.115,95543.5,0.01,955.4350000000001,False
2026-01-16 00:00:42.224,95543.5,0.01,955.4350000000001,False
2026-01-16 00:00:42.333,95543.5,0.01,955.4350000000001,False
2026-01-16 00:00:42.442,95543.5,0.01,955.4350000000001,False
2026-01-16 00:00:42.473,95543.4,0.001,95.54339999999999,True
2026-01-16 00:00:42.565,95543.5,0.012,1146.522,False
2026-01-16 00:00:42.766,95543.5,0.01,955.4350000000001,False
2026-01-16 00:00:42.871,95543.4,0.329,31433.778599999998,True
2026-01-16 00:00:42.981,95543.5,0.01,955.4350000000001,False
2026-01-16 00:00:43.095,95543.5,0.01,955.4350000000001,False
2026-01-16 00:00:43.204,95543.5,0.01,955.4350000000001,False
2026-01-16 00:00:43.313,95543.5,0.01,955.4350000000001,False
2026-01-16 00:00:43.422,95543.5,0.01,955.4350000000001,False
2026-01-16 00:00:43.450,95543.4,0.002,191.08679999999998,True
2026-01-16 00:00:43.533,95543.5,0.019,1815.3265,False
2026-01-16 00:00:43.570,95543.4,0.003,286.6302,True
2026-01-16 00:00:43.748,95543.5,0.01,955.4350000000001,False
2026-01-16 00:00:43.858,95543.5,0.01,955.4350000000001,False
2026-01-16 00:00:43.915,95543.4,0.292,27898.672799999997,True
2026-01-16 00:00:43.967,95543.5,0.01,955.4350000000001,False
2026-01-16 00:00:44.028,95543.4,0.002,191.08679999999998,True
2026-01-16 00:00:44.076,95543.5,0.01,955.4350000000001,False
2026-01-16 00:00:44.182,95543.5,0.037,3535.1095,False
2026-01-16 00:00:44.401,95543.5,0.01,955.4350000000001,False
2026-01-16 00:00:44.510,95543.5,0.01,955.4350000000001,False
2026-01-16 00:00:44.552,95543.4,0.011,1050.9773999999998,True
2026-01-16 00:00:44.632,95543.5,0.01,955.4350000000001,False
2026-01-16 00:00:44.741,95543.5,0.01,955.4350000000001,False
2026-01-16 00:00:44.850,95543.5,0.01,955.4350000000001,False
2026-01-16 00:00:44.907,95543.4,0.008,764.3471999999999,True
2026-01-16 00:00:44.961,95543.5,0.01,955.4350000000001,False
2026-01-16 00:00:45.070,95543.5,0.148,14140.438,False
2026-01-16 00:00:45.181,95543.5,0.01,955.4350000000001,False
2026-01-16 00:00:45.290,95543.5,0.01,955.4350000000001,False
2026-01-16 00:00:45.399,95543.5,0.01,955.4350000000001,False
2026-01-16 00:00:45.508,95543.5,0.01,955.4350000000001,False
2026-01-16 00:00:45.541,95543.4,0.278,26561.0652,True
2026-01-16 00:00:45.541,95543.2,0.013,1242.0616,True
2026-01-16 00:00:45.541,95543.1,0.005,477.7155,True
2026-01-16 00:00:45.542,95543.0,0.002,191.086,True
2026-01-16 00:00:45.543,95542.5,0.002,191.085,True
2026-01-16 00:00:45.543,95542.4,0.002,191.0848,True
2026-01-16 00:00:45.543,95542.3,0.147,14044.7181,True
2026-01-16 00:00:45.543,95542.1,0.002,191.0842,True
2026-01-16 00:00:45.543,95542.0,0.04,3821.6800000000003,True
2026-01-16 00:00:45.548,95541.9,0.01,955.419,True
2026-01-16 00:00:45.548,95541.6,0.004,382.1664,True
2026-01-16 00:00:45.548,95541.2,0.002,191.0824,True
2026-01-16 00:00:45.548,95541.0,0.002,191.082,True
2026-01-16 00:00:45.548,95540.9,0.003,286.6227,True
2026-01-16 00:00:45.548,95540.7,0.002,191.0814,True
2026-01-16 00:00:45.617,95540.7,0.02,1910.814,False
2026-01-16 00:00:45.726,95540.7,0.01,955.407,False
2026-01-16 00:00:45.836,95540.7,0.01,955.407,False
2026-01-16 00:00:45.945,95540.7,0.01,955.407,False
2026-01-16 00:00:46.054,95540.7,0.01,955.407,False
2026-01-16 00:00:46.163,95540.7,0.01,955.407,False
2026-01-16 00:00:46.272,95540.7,0.01,955.407,False
2026-01-16 00:00:46.381,95540.7,0.01,955.407,False
2026-01-16 00:00:46.391,95540.6,0.027,2579.5962,True
2026-01-16 00:00:46.489,95540.7,0.01,955.407,False
2026-01-16 00:00:46.598,95540.7,0.01,955.407,False
2026-01-16 00:00:46.707,95540.7,0.01,955.407,False
2026-01-16 00:00:46.816,95540.7,0.01,955.407,False
2026-01-16 00:00:46.910,95540.6,0.023,2197.4338000000002,True
2026-01-16 00:00:46.926,95540.7,0.01,955.407,False
2026-01-16 00:00:47.035,95540.7,0.01,955.407,False
2026-01-16 00:00:47.045,95540.6,0.002,191.08120000000002,True
2026-01-16 00:00:47.144,95540.7,0.01,955.407,False
2026-01-16 00:00:47.212,95540.6,0.01,955.4060000000001,True
2026-01-16 00:00:47.253,95540.7,0.01,955.407,False
2026-01-16 00:00:47.362,95540.7,0.01,955.407,False
2026-01-16 00:00:47.471,95540.7,0.01,955.407,False
2026-01-16 00:00:47.580,95540.7,0.01,955.407,False
2026-01-16 00:00:47.689,95540.7,0.01,955.407,False
2026-01-16 00:00:47.799,95540.7,0.01,955.407,False
2026-01-16 00:00:47.902,95540.6,0.004,382.16240000000005,True
2026-01-16 00:00:47.909,95540.7,0.01,955.407,False
2026-01-16 00:00:47.913,95540.6,1.019,97355.8714,True
2026-01-16 00:00:48.018,95540.7,0.01,955.407,False
2026-01-16 00:00:48.127,95540.7,0.01,955.407,False
2026-01-16 00:00:48.236,95540.7,0.01,955.407,False
2026-01-16 00:00:48.345,95540.7,0.01,955.407,False
2026-01-16 00:00:48.459,95540.7,0.01,955.407,False
2026-01-16 00:00:48.568,95540.7,0.01,955.407,False
2026-01-16 00:00:48.677,95540.7,0.01,955.407,False
2026-01-16 00:00:48.781,95540.7,0.015,1433.1105,False
2026-01-16 00:00:48.901,95540.7,0.01,955.407,False
2026-01-16 00:00:49.010,95540.7,0.01,955.407,False
2026-01-16 00:00:49.120,95540.7,0.01,955.407,False
2026-01-16 00:00:49.150,95540.6,0.027,2579.5962,True
2026-01-16 00:00:49.339,95540.7,0.01,955.407,False
2026-01-16 00:00:49.448,95540.7,0.01,955.407,False
2026-01-16 00:00:49.557,95540.7,0.01,955.407,False
2026-01-16 00:00:49.575,95540.6,0.165,15764.199000000002,True
2026-01-16 00:00:49.575,95540.5,0.02,1910.81,True
2026-01-16 00:00:49.575,95540.3,0.002,191.0806,True
2026-01-16 00:00:49.575,95540.2,0.002,191.0804,True
2026-01-16 00:00:49.584,95539.6,0.002,191.07920000000001,True
2026-01-16 00:00:49.592,95539.1,0.002,191.0782,True
2026-01-16 00:00:49.592,95538.7,0.003,286.6161,True
2026-01-16 00:00:49.592,95538.6,0.002,191.0772,True
2026-01-16 00:00:49.592,95538.5,0.002,191.077,True
2026-01-16 00:00:49.592,95538.2,0.006,573.2292,True
2026-01-16 00:00:49.592,95538.1,0.003,286.6143,True
2026-01-16 00:00:49.592,95538.0,0.002,191.076,True
2026-01-16 00:00:49.592,95537.9,0.002,191.0758,True
2026-01-16 00:00:49.592,95537.8,0.004,382.1512,True
2026-01-16 00:00:49.592,95537.6,0.002,191.07520000000002,True
2026-01-16 00:00:49.592,95537.5,0.002,191.07500000000002,True
2026-01-16 00:00:49.606,95536.9,0.002,191.0738,True
2026-01-16 00:00:49.606,95536.8,0.005,477.684,True
2026-01-16 00:00:49.606,95536.3,0.002,191.07260000000002,True
2026-01-16 00:00:49.606,95535.8,0.002,191.07160000000002,True
2026-01-16 00:00:49.606,95535.7,0.002,191.0714,True
2026-01-16 00:00:49.606,95535.3,0.002,191.0706,True
2026-01-16 00:00:49.630,95535.2,0.033,3152.6616,True
2026-01-16 00:00:49.646,95535.1,0.004,382.14040000000006,True
2026-01-16 00:00:49.646,95535.0,0.002,191.07,True
2026-01-16 00:00:49.646,95534.9,0.002,191.0698,True
2026-01-16 00:00:49.646,95534.7,0.002,191.0694,True
2026-01-16 00:00:49.646,95534.5,0.002,191.06900000000002,True
2026-01-16 00:00:49.646,95534.0,0.003,286.60200000000003,True
2026-01-16 00:00:49.654,95534.1,0.004,382.13640000000004,False
2026-01-16 00:00:49.658,95534.0,0.002,191.068,True
2026-01-16 00:00:49.669,95534.0,0.01,955.34,False
2026-01-16 00:00:49.669,95533.9,0.011,1050.8728999999998,True
2026-01-16 00:00:49.714,95534.0,0.022,2101.748,False
2026-01-16 00:00:49.718,95533.9,0.007,668.7373,True
2026-01-16 00:00:49.721,95533.8,0.003,286.6014,True
2026-01-16 00:00:49.721,95533.5,0.004,382.134,True
2026-01-16 00:00:49.721,95533.0,0.002,191.066,True
2026-01-16 00:00:49.721,95532.9,0.003,286.5987,True
2026-01-16 00:00:49.721,95532.8,0.002,191.06560000000002,True
2026-01-16 00:00:49.721,95532.5,0.002,191.065,True
2026-01-16 00:00:49.721,95532.4,0.003,286.5972,True
2026-01-16 00:00:49.721,95532.2,0.002,191.0644,True
2026-01-16 00:00:49.721,95532.1,0.031,2961.4951,True
2026-01-16 00:00:49.885,95532.2,0.01,955.322,False
2026-01-16 00:00:49.994,95532.2,0.01,955.322,False
2026-01-16 00:00:49.994,95532.1,0.004,382.12840000000006,True
2026-01-16 00:00:50.078,95532.2,0.03,2865.966,False
2026-01-16 00:00:50.113,95532.1,0.005,477.6605,True
2026-01-16 00:00:50.214,95532.2,0.01,955.322,False
2026-01-16 00:00:50.324,95532.2,0.01,955.322,False
2026-01-16 00:00:50.337,95532.1,0.023,2197.2383,True
2026-01-16 00:00:50.417,95532.2,0.012,1146.3864,False
2026-01-16 00:00:50.543,95532.2,0.01,955.322,False
2026-01-16 00:00:50.652,95532.2,0.01,955.322,False
2026-01-16 00:00:50.761,95532.2,0.01,955.322,False
2026-01-16 00:00:50.870,95532.2,0.01,955.322,False
2026-01-16 00:00:50.980,95532.2,0.01,955.322,False
2026-01-16 00:00:51.058,95532.1,0.01,955.321,True
2026-01-16 00:00:51.088,95532.2,0.01,955.322,False
2026-01-16 00:00:51.303,95532.2,0.01,955.322,False
2026-01-16 00:00:51.412,95532.2,0.01,955.322,False
2026-01-16 00:00:51.467,95532.1,0.016,1528.5136000000002,True
2026-01-16 00:00:51.521,95532.2,0.01,955.322,False
2026-01-16 00:00:51.631,95532.2,0.01,955.322,False
2026-01-16 00:00:51.740,95532.2,0.01,955.322,False
2026-01-16 00:00:51.849,95532.2,0.01,955.322,False
2026-01-16 00:00:51.957,95532.2,0.01,955.322,False
2026-01-16 00:00:52.067,95532.2,0.015,1432.983,False
2026-01-16 00:00:52.176,95532.2,0.01,955.322,False
2026-01-16 00:00:52.285,95532.2,0.01,955.322,False
2026-01-16 00:00:52.394,95532.2,0.014,1337.4508,False
2026-01-16 00:00:52.502,95532.2,0.018,1719.5795999999998,False
2026-01-16 00:00:52.541,95532.1,0.002,191.06420000000003,True
2026-01-16 00:00:52.612,95532.2,0.01,955.322,False
2026-01-16 00:00:52.826,95532.2,0.01,955.322,False
2026-01-16 00:00:52.934,95532.2,0.01,955.322,False
2026-01-16 00:00:53.045,95532.2,0.01,955.322,False
2026-01-16 00:00:53.099,95532.1,0.003,286.59630000000004,True
2026-01-16 00:00:53.259,95532.2,0.01,955.322,False
2026-01-16 00:00:53.277,95532.1,0.008,764.2568000000001,True
2026-01-16 00:00:53.369,95532.2,0.01,955.322,False
2026-01-16 00:00:53.478,95532.2,0.01,955.322,False
2026-01-16 00:00:53.587,95532.2,0.01,955.322,False
2026-01-16 00:00:53.696,95532.2,0.01,955.322,False
2026-01-16 00:00:53.805,95532.2,0.01,955.322,False
2026-01-16 00:00:54.021,95532.2,0.01,955.322,False
2026-01-16 00:00:54.130,95532.2,0.01,955.322,False
2026-01-16 00:00:54.170,95532.1,0.022,2101.7062,True
2026-01-16 00:00:54.240,95532.2,0.012,1146.3864,False
2026-01-16 00:00:54.263,95532.1,0.002,191.06420000000003,True
2026-01-16 00:00:54.349,95532.2,0.01,955.322,False
2026-01-16 00:00:54.459,95532.2,0.01,955.322,False
2026-01-16 00:00:54.567,95532.2,0.01,955.322,False
2026-01-16 00:00:54.676,95532.2,0.01,955.322,False
2026-01-16 00:00:54.785,95532.2,0.01,955.322,False
2026-01-16 00:00:54.894,95532.2,0.01,955.322,False
2026-01-16 00:00:55.003,95532.2,0.01,955.322,False
2026-01-16 00:00:55.112,95532.2,0.01,955.322,False
2026-01-16 00:00:55.222,95532.2,0.01,955.322,False
2026-01-16 00:00:55.331,95532.2,0.01,955.322,False
2026-01-16 00:00:55.440,95532.2,0.01,955.322,False
2026-01-16 00:00:55.502,95532.1,5.314,507657.57940000005,True
2026-01-16 00:00:55.549,95532.2,0.01,955.322,False
2026-01-16 00:00:55.658,95532.2,0.01,955.322,False
2026-01-16 00:00:55.767,95532.2,0.01,955.322,False
2026-01-16 00:00:55.885,95532.2,0.01,955.322,False
2026-01-16 00:00:55.995,95532.2,0.01,955.322,False
2026-01-16 00:00:56.048,95532.1,0.019,1815.1099000000002,True
2026-01-16 00:00:56.104,95532.2,0.01,955.322,False
2026-01-16 00:00:56.213,95532.2,0.01,955.322,False
2026-01-16 00:00:56.321,95532.2,0.015,1432.983,False
2026-01-16 00:00:56.430,95532.2,0.01,955.322,False
2026-01-16 00:00:56.540,95532.2,0.01,955.322,False
2026-01-16 00:00:56.649,95532.2,0.01,955.322,False
2026-01-16 00:00:56.758,95532.2,0.01,955.322,False
2026-01-16 00:00:56.867,95532.2,0.01,955.322,False
2026-01-16 00:00:56.870,95532.1,3.49,333407.02900000004,True
2026-01-16 00:00:56.870,95532.0,0.008,764.256,True
2026-01-16 00:00:56.870,95531.9,0.002,191.0638,True
2026-01-16 00:00:56.870,95531.8,0.002,191.0636,True
2026-01-16 00:00:56.870,95531.7,0.002,191.0634,True
2026-01-16 00:00:56.870,95531.6,0.035,3343.6060000000007,True
2026-01-16 00:00:56.870,95531.5,0.04,3821.26,True
2026-01-16 00:00:56.870,95531.4,0.004,382.12559999999996,True
2026-01-16 00:00:56.870,95531.3,0.052,4967.6276,True
2026-01-16 00:00:56.870,95531.2,0.002,191.0624,True
2026-01-16 00:00:56.870,95531.1,0.012,1146.3732,True
2026-01-16 00:00:56.870,95530.9,0.003,286.5927,True
2026-01-16 00:00:56.870,95530.6,0.004,382.1224,True
2026-01-16 00:00:56.870,95530.5,0.016,1528.488,True
2026-01-16 00:00:56.870,95530.4,0.002,191.0608,True
2026-01-16 00:00:56.870,95530.2,0.003,286.5906,True
2026-01-16 00:00:56.870,95530.0,0.002,191.06,True
2026-01-16 00:00:56.870,95529.9,0.004,382.1196,True
2026-01-16 00:00:56.870,95529.6,0.059,5636.2464,True
2026-01-16 00:00:56.870,95529.4,0.002,191.0588,True
2026-01-16 00:00:56.870,95529.3,0.003,286.5879,True
2026-01-16 00:00:56.870,95529.2,0.016,1528.4672,True
2026-01-16 00:00:56.870,95529.0,0.002,191.058,True
2026-01-16 00:00:56.870,95528.9,0.006,573.1734,True
2026-01-16 00:00:56.870,95528.7,0.007,668.7009,True
2026-01-16 00:00:56.870,95528.4,0.058,5540.6472,True
2026-01-16 00:00:56.870,95528.3,0.002,191.0566,True
2026-01-16 00:00:56.870,95528.2,0.238,22735.7116,True
2026-01-16 00:00:56.870,95528.1,1.042,99540.28020000001,True
2026-01-16 00:00:56.870,95528.0,0.004,382.112,True
2026-01-16 00:00:56.870,95527.9,0.002,191.0558,True
2026-01-16 00:00:56.870,95527.8,0.006,573.1668000000001,True
2026-01-16 00:00:56.870,95527.6,0.075,7164.570000000001,True
2026-01-16 00:00:56.870,95527.5,0.002,191.055,True
2026-01-16 00:00:56.870,95527.4,0.005,477.637,True
2026-01-16 00:00:56.870,95527.1,0.052,4967.4092,True
2026-01-16 00:00:56.870,95527.0,0.005,477.635,True
2026-01-16 00:00:56.870,95526.9,0.002,191.0538,True
2026-01-16 00:00:56.870,95526.8,0.007,668.6876000000001,True
2026-01-16 00:00:56.870,95526.6,0.036,3438.9575999999997,True
2026-01-16 00:00:56.976,95526.7,1.117,106703.3239,False
2026-01-16 00:00:57.086,95526.7,1.708,163159.6036,False
2026-01-16 00:00:57.090,95526.8,0.01,955.268,False
2026-01-16 00:00:57.092,95527.1,0.012,1146.3252,False
2026-01-16 00:00:57.146,95527.2,0.002,191.0544,False
2026-01-16 00:00:57.165,95527.1,0.028,2674.7588,True
2026-01-16 00:00:57.196,95527.2,0.01,955.2719999999999,False
2026-01-16 00:00:57.319,95527.2,0.01,955.2719999999999,False
2026-01-16 00:00:57.429,95527.2,0.014,1337.3808,False
2026-01-16 00:00:57.537,95527.2,0.015,1432.908,False
2026-01-16 00:00:57.646,95527.2,0.01,955.2719999999999,False
2026-01-16 00:00:57.734,95527.1,0.02,1910.5420000000001,True
2026-01-16 00:00:57.752,95527.2,0.044,4203.1968,False
2026-01-16 00:00:57.760,95527.3,0.011,1050.8002999999999,False
2026-01-16 00:00:57.760,95527.5,0.002,191.055,False
2026-01-16 00:00:57.760,95527.7,0.002,191.0554,False
2026-01-16 00:00:57.760,95527.8,0.002,191.0556,False
2026-01-16 00:00:57.760,95527.9,0.002,191.0558,False
2026-01-16 00:00:57.864,95528.0,0.01,955.28,False
2026-01-16 00:00:57.972,95528.0,0.01,955.28,False
2026-01-16 00:00:58.082,95528.0,0.01,955.28,False
2026-01-16 00:00:58.174,95527.9,5.314,507635.2606,True
2026-01-16 00:00:58.190,95528.0,0.01,955.28,False
2026-01-16 00:00:58.299,95528.0,0.01,955.28,False
2026-01-16 00:00:58.409,95528.0,0.2,19105.600000000002,False
2026-01-16 00:00:59.418,95528.0,0.005,477.64,False
2026-01-16 00:00:59.524,95528.0,0.002,191.056,False
2026-01-16 00:01:00.123,95527.9,0.229,21875.8891,True
2026-01-16 00:01:00.301,95527.9,0.032,3056.8928,True
2026-01-16 00:01:00.345,95528.0,0.035,3343.4800000000005,False
2026-01-16 00:01:00.449,95528.0,0.002,191.056,False
2026-01-16 00:01:00.571,95528.0,1.851,176822.328,False
2026-01-16 00:01:00.576,95528.1,0.005,477.64050000000003,False
2026-01-16 00:01:00.576,95528.2,0.026,2483.7331999999997,False
2026-01-16 00:01:00.576,95528.3,0.002,191.0566,False
2026-01-16 00:01:00.576,95528.7,0.004,382.1148,False
2026-01-16 00:01:00.576,95528.8,0.052,4967.4976,False
2026-01-16 00:01:00.576,95529.0,0.008,764.232,False
2026-01-16 00:01:00.576,95529.5,0.004,382.118,False
2026-01-16 00:01:00.576,95530.0,0.006,573.1800000000001,False
2026-01-16 00:01:00.576,95530.1,0.004,382.1204,False
2026-01-16 00:01:00.576,95530.2,0.002,191.0604,False
2026-01-16 00:01:00.576,95530.3,0.309,29518.8627,False
2026-01-16 00:01:00.578,95530.7,0.005,477.6535,False
2026-01-16 00:01:00.578,95530.8,0.002,191.0616,False
2026-01-16 00:01:00.578,95530.9,0.092,8788.842799999999,False
2026-01-16 00:01:00.593,95531.1,0.004,382.12440000000004,False
2026-01-16 00:01:00.608,95531.6,0.005,477.658,False
2026-01-16 00:01:00.608,95532.1,0.004,382.12840000000006,False
2026-01-16 00:01:00.731,95532.2,0.104,9935.3488,False
2026-01-16 00:01:00.919,95532.1,0.002,191.06420000000003,True
2026-01-16 00:01:01.064,95532.2,1.315,125624.843,False
2026-01-16 00:01:01.068,95532.3,0.006,573.1938,False
2026-01-16 00:01:01.068,95532.6,0.002,191.0652,False
2026-01-16 00:01:01.068,95533.2,0.002,191.0664,False
2026-01-16 00:01:01.068,95533.3,0.002,191.06660000000002,False
2026-01-16 00:01:01.068,95533.4,0.003,286.6002,False
2026-01-16 00:01:01.068,95533.7,0.002,191.0674,False
2026-01-16 00:01:01.068,95533.8,0.003,286.6014,False
2026-01-16 00:01:01.075,95534.1,0.002,191.06820000000002,False
2026-01-16 00:01:01.075,95534.2,0.006,573.2052,False
2026-01-16 00:01:01.075,95534.4,0.003,286.6032,False
2026-01-16 00:01:01.075,95534.7,0.002,191.0694,False
2026-01-16 00:01:01.075,95534.8,0.002,191.0696,False
2026-01-16 00:01:01.075,95535.0,0.006,573.21,False
2026-01-16 00:01:01.075,95535.1,0.008,764.2808000000001,False
2026-01-16 00:01:01.075,95535.2,0.005,477.676,False
2026-01-16 00:01:01.076,95535.3,0.056,5349.9768,False
2026-01-16 00:01:01.099,95535.4,0.002,191.0708,False
2026-01-16 00:01:01.099,95535.5,0.002,191.071,False
2026-01-16 00:01:01.099,95536.0,0.005,477.68,False
2026-01-16 00:01:01.099,95536.3,0.002,191.07260000000002,False
2026-01-16 00:01:01.099,95536.6,0.002,191.0732,False
2026-01-16 00:01:01.099,95536.8,0.002,191.0736,False
2026-01-16 00:01:01.099,95536.9,0.002,191.0738,False
2026-01-16 00:01:01.099,95537.2,0.002,191.0744,False
2026-01-16 00:01:01.099,95537.5,0.002,191.07500000000002,False
2026-01-16 00:01:01.099,95537.6,0.004,382.15040000000005,False
2026-01-16 00:01:01.115,95537.6,0.002,191.07520000000002,True
2026-01-16 00:01:01.169,95537.7,0.404,38597.230800000005,False
2026-01-16 00:01:01.193,95537.8,0.054,5159.0412,False
2026-01-16 00:01:01.197,95538.0,0.006,573.2280000000001,False
2026-01-16 00:01:01.197,95538.2,0.002,191.0764,False
2026-01-16 00:01:01.197,95538.6,0.002,191.0772,False
2026-01-16 00:01:01.197,95538.9,0.008,764.3112,False
2026-01-16 00:01:01.197,95539.3,0.002,191.07860000000002,False
2026-01-16 00:01:01.197,95539.4,0.002,191.0788,False
2026-01-16 00:01:01.197,95539.5,0.002,191.079,False
2026-01-16 00:01:01.238,95539.6,0.002,191.07920000000001,False
2026-01-16 00:01:01.257,95539.5,0.002,191.079,True
2026-01-16 00:01:01.372,95539.6,0.014,1337.5544000000002,False
2026-01-16 00:01:01.689,95539.6,0.193,18439.1428,False
2026-01-16 00:01:01.689,95540.0,0.007,668.78,False
2026-01-16 00:01:01.689,95540.1,0.004,382.16040000000004,False
2026-01-16 00:01:01.689,95540.4,0.002,191.08079999999998,False
2026-01-16 00:01:01.689,95540.5,0.004,382.16200000000003,False
2026-01-16 00:01:01.689,95540.6,0.002,191.08120000000002,False
2026-01-16 00:01:01.689,95540.7,0.029,2770.6803,False
2026-01-16 00:01:01.689,95540.8,0.002,191.0816,False
2026-01-16 00:01:01.689,95541.0,0.005,477.705,False
2026-01-16 00:01:01.689,95541.1,0.002,191.08220000000003,False
2026-01-16 00:01:01.689,95541.4,0.004,382.1656,False
2026-01-16 00:01:01.689,95541.5,0.002,191.083,False
2026-01-16 00:01:01.689,95541.6,0.007,668.7912,False
2026-01-16 00:01:01.689,95541.7,0.002,191.0834,False
2026-01-16 00:01:01.689,95541.8,0.031,2961.7958,False
2026-01-16 00:01:01.689,95541.9,0.002,191.0838,False
2026-01-16 00:01:01.689,95542.0,0.169,16146.598000000002,False
2026-01-16 00:01:01.689,95542.1,0.002,191.0842,False
2026-01-16 00:01:01.689,95542.2,0.021,2006.3862000000001,False
2026-01-16 00:01:01.689,95542.5,0.002,191.085,False
2026-01-16 00:01:01.689,95542.6,0.002,191.08520000000001,False
2026-01-16 00:01:01.689,95542.7,0.002,191.0854,False
2026-01-16 00:01:01.854,95542.7,0.058,5541.4766,True
2026-01-16 00:01:03.003,95542.7,0.024,2293.0248,True
2026-01-16 00:01:03.115,95542.7,0.002,191.0854,True
2026-01-16 00:01:03.295,95542.7,0.067,6401.360900000001,True
2026-01-16 00:01:03.813,95542.7,0.032,3057.3664,True
2026-01-16 00:01:04.191,95542.8,0.002,191.0856,False
2026-01-16 00:01:04.657,95542.7,0.085,8121.1295,True
2026-01-16 00:01:04.908,95542.7,0.003,286.6281,True
2026-01-16 00:01:05.152,95542.8,0.004,382.1712,False
2026-01-16 00:01:05.291,95542.8,0.002,191.0856,False
2026-01-16 00:01:05.358,95542.7,0.003,286.6281,True
2026-01-16 00:01:05.555,95542.7,0.002,191.0854,True
2026-01-16 00:01:05.558,95542.8,0.004,382.1712,False
2026-01-16 00:01:05.910,95542.7,5.228,499497.23559999996,True
2026-01-16 00:01:05.958,95542.8,0.117,11178.5076,False
2026-01-16 00:01:06.128,95542.7,0.002,191.0854,True
2026-01-16 00:01:06.675,95542.7,0.004,382.1708,True
2026-01-16 00:01:07.742,95542.7,0.111,10605.2397,True
2026-01-16 00:01:08.304,95542.8,0.003,286.6284,False
2026-01-16 00:01:08.316,95542.7,0.005,477.7135,True
2026-01-16 00:01:08.555,95542.7,0.762,72803.5374,True
2026-01-16 00:01:09.092,95542.7,0.004,382.1708,True
2026-01-16 00:01:09.320,95542.8,0.005,477.714,False
2026-01-16 00:01:09.600,95542.8,0.05,4777.14,False
2026-01-16 00:01:09.666,95542.7,0.11,10509.697,True
2026-01-16 00:01:09.794,95542.8,0.522,49873.34160000001,False
2026-01-16 00:01:10.031,95542.8,0.002,191.0856,False
2026-01-16 00:01:10.155,95542.7,0.001,95.5427,True
2026-01-16 00:01:10.287,95542.8,0.002,191.0856,False
2026-01-16 00:01:10.451,95542.8,0.069,6592.453200000001,False
2026-01-16 00:01:10.587,95542.8,0.014,1337.5992,False
2026-01-16 00:01:10.598,95542.7,0.152,14522.490399999999,True
2026-01-16 00:01:10.781,95542.7,0.004,382.1708,True
2026-01-16 00:01:10.952,95542.8,0.117,11178.5076,False
2026-01-16 00:01:11.424,95542.8,0.181,17293.2468,False
2026-01-16 00:01:11.429,95542.7,0.3,28662.809999999998,True
2026-01-16 00:01:11.644,95542.7,0.004,382.1708,True
2026-01-16 00:01:11.771,95542.8,0.003,286.6284,False
2026-01-16 00:01:12.001,95542.7,0.003,286.6281,True
2026-01-16 00:01:12.047,95542.8,0.002,191.0856,False
2026-01-16 00:01:12.268,95542.7,0.423,40414.562099999996,True
2026-01-16 00:01:12.369,95542.8,0.369,35255.2932,False
2026-01-16 00:01:12.402,95542.9,0.002,191.0858,False
2026-01-16 00:01:12.402,95543.0,0.002,191.086,False
2026-01-16 00:01:12.402,95543.1,0.002,191.08620000000002,False
2026-01-16 00:01:12.402,95543.4,0.004,382.17359999999996,False
2026-01-16 00:01:12.402,95543.5,0.128,12229.568000000001,False
2026-01-16 00:01:12.402,95543.6,0.057,5445.9852,False
2026-01-16 00:01:12.402,95543.8,0.002,191.0876,False
2026-01-16 00:01:12.402,95543.9,0.006,573.2633999999999,False
2026-01-16 00:01:12.402,95544.0,0.004,382.176,False
2026-01-16 00:01:12.402,95544.1,0.177,16911.3057,False
2026-01-16 00:01:12.402,95544.2,0.006,573.2652,False
2026-01-16 00:01:12.402,95544.4,0.002,191.0888,False
2026-01-16 00:01:12.402,95544.7,0.002,191.0894,False
2026-01-16 00:01:12.402,95544.9,0.006,573.2694,False
2026-01-16 00:01:12.402,95545.0,0.002,191.09,False
2026-01-16 00:01:12.402,95545.2,0.003,286.6356,False
2026-01-16 00:01:12.402,95545.3,0.002,191.09060000000002,False
2026-01-16 00:01:12.402,95545.4,0.002,191.0908,False
2026-01-16 00:01:12.402,95545.5,0.004,382.182,False
2026-01-16 00:01:12.402,95545.6,0.008,764.3648000000001,False
2026-01-16 00:01:12.402,95545.8,0.009,859.9122,False
2026-01-16 00:01:12.436,95545.8,0.002,191.0916,True
2026-01-16 00:01:12.782,95545.9,0.021,2006.4639,False
2026-01-16 00:01:13.152,95545.9,0.1,9554.59,False
2026-01-16 00:01:13.911,95545.9,0.021,2006.4639,False
2026-01-16 00:01:14.105,95545.9,0.021,2006.4639,False
2026-01-16 00:01:14.455,95545.9,0.005,477.7295,False
2026-01-16 00:01:14.625,95545.8,0.002,191.0916,True
2026-01-16 00:01:14.834,95545.9,0.036,3439.6523999999995,False
2026-01-16 00:01:15.096,95545.8,0.002,191.0916,True
2026-01-16 00:01:15.126,95545.9,0.527,50352.6893,False
2026-01-16 00:01:15.367,95545.8,0.14,13376.412000000002,True
2026-01-16 00:01:15.924,95545.8,0.052,4968.3816,True
2026-01-16 00:01:16.637,95545.8,0.01,955.4580000000001,True
2026-01-16 00:01:16.948,95545.8,0.1,9554.58,True
2026-01-16 00:01:17.476,95545.8,0.02,1910.9160000000002,True
2026-01-16 00:01:17.583,95545.9,0.001,95.5459,False
2026-01-16 00:01:17.992,95545.9,0.016,1528.7344,False
2026-01-16 00:01:18.049,95545.8,0.002,191.0916,True
2026-01-16 00:01:18.271,95545.9,0.002,191.0918,False
2026-01-16 00:01:18.501,95545.8,0.002,191.0916,True
2026-01-16 00:01:18.787,95545.9,2.0,191091.8,False
2026-01-16 00:01:19.057,95545.9,0.002,191.0918,False
2026-01-16 00:01:19.498,95545.9,0.081,7739.2179,False
2026-01-16 00:01:20.257,95545.9,1.422,135866.26979999998,False
2026-01-16 00:01:20.260,95546.0,0.005,477.73,False
2026-01-16 00:01:20.260,95546.2,0.002,191.0924,False
2026-01-16 00:01:20.260,95546.3,0.019,1815.3797,False
2026-01-16 00:01:20.260,95546.4,0.012,1146.5568,False
2026-01-16 00:01:20.260,95546.8,0.002,191.0936,False
2026-01-16 00:01:20.260,95546.9,0.002,191.0938,False
2026-01-16 00:01:20.261,95547.1,0.002,191.09420000000003,False
2026-01-16 00:01:20.264,95547.4,0.004,382.1896,False
2026-01-16 00:01:20.264,95547.5,0.003,286.6425,False
2026-01-16 00:01:20.264,95547.8,0.002,191.09560000000002,False
2026-01-16 00:01:20.264,95547.9,0.002,191.0958,False
2026-01-16 00:01:20.264,95548.0,0.025,2388.7000000000003,False
2026-01-16 00:01:20.268,95548.2,0.007,668.8374,False
2026-01-16 00:01:20.268,95548.4,0.003,286.6452,False
2026-01-16 00:01:20.268,95548.5,0.009,859.9364999999999,False
2026-01-16 00:01:20.268,95548.7,0.008,764.3896,False
2026-01-16 00:01:20.268,95549.0,0.002,191.098,False
2026-01-16 00:01:20.268,95549.1,0.003,286.64730000000003,False
2026-01-16 00:01:20.268,95549.2,0.004,382.1968,False
2026-01-16 00:01:20.268,95549.3,0.002,191.0986,False
2026-01-16 00:01:20.268,95549.4,0.004,382.19759999999997,False
2026-01-16 00:01:20.268,95549.6,0.005,477.74800000000005,False
2026-01-16 00:01:20.312,95549.6,0.005,477.74800000000005,True
2026-01-16 00:01:20.481,95549.7,0.002,191.0994,False
2026-01-16 00:01:20.484,95549.6,0.015,1433.2440000000001,True
2026-01-16 00:01:20.536,95549.7,0.007,668.8479,False
2026-01-16 00:01:20.593,95549.6,0.02,1910.9920000000002,True
2026-01-16 00:01:20.612,95549.7,0.003,286.6491,False
2026-01-16 00:01:20.728,95549.7,0.008,764.3976,False
2026-01-16 00:01:20.920,95549.7,0.006,573.2982,False
2026-01-16 00:01:21.041,95549.6,0.002,191.09920000000002,True
2026-01-16 00:01:21.452,95549.7,0.002,191.0994,False
2026-01-16 00:01:21.644,95549.6,0.004,382.19840000000005,True
2026-01-16 00:01:21.949,95549.6,0.011,1051.0456,True
2026-01-16 00:01:22.686,95549.7,0.007,668.8479,False
2026-01-16 00:01:22.768,95549.6,0.039,3726.4344,True
2026-01-16 00:01:22.780,95549.7,0.002,191.0994,False
2026-01-16 00:01:23.447,95549.6,0.022,2102.0912,True
2026-01-16 00:01:23.806,95549.7,0.002,191.0994,False
2026-01-16 00:01:24.047,95549.7,0.002,191.0994,False
2026-01-16 00:01:24.131,95549.6,0.002,191.09920000000002,True
2026-01-16 00:01:24.946,95549.6,0.119,11370.4024,True
2026-01-16 00:01:25.616,95549.7,0.002,191.0994,False
2026-01-16 00:01:25.905,95549.7,0.05,4777.485,False
2026-01-16 00:01:26.053,95549.6,0.022,2102.0912,True
2026-01-16 00:01:26.245,95549.7,0.983,93925.3551,False
2026-01-16 00:01:26.248,95549.8,0.004,382.1992,False
2026-01-16 00:01:26.248,95549.9,0.002,191.0998,False
2026-01-16 00:01:26.249,95550.0,6.002,573491.1,False
2026-01-16 00:01:26.253,95550.1,0.008,764.4008000000001,False
2026-01-16 00:01:26.253,95550.2,0.002,191.1004,False
2026-01-16 00:01:26.253,95550.8,0.01,955.508,False
2026-01-16 00:01:26.253,95550.9,0.002,191.1018,False
2026-01-16 00:01:26.253,95551.0,0.002,191.102,False
2026-01-16 00:01:26.253,95551.2,0.002,191.1024,False
2026-01-16 00:01:26.253,95551.3,0.002,191.10260000000002,False
2026-01-16 00:01:26.253,95551.4,0.003,286.6542,False
2026-01-16 00:01:26.253,95551.5,0.004,382.206,False
2026-01-16 00:01:26.253,95551.7,0.007,668.8619,False
2026-01-16 00:01:26.253,95551.8,0.002,191.1036,False
2026-01-16 00:01:26.253,95551.9,0.057,5446.4583,False
2026-01-16 00:01:26.253,95552.0,0.002,191.104,False
2026-01-16 00:01:26.253,95552.1,0.002,191.10420000000002,False
2026-01-16 00:01:26.253,95552.3,0.003,286.6569,False
2026-01-16 00:01:26.253,95552.8,0.004,382.2112,False
2026-01-16 00:01:26.253,95552.9,0.004,382.2116,False
2026-01-16 00:01:26.253,95553.0,0.171,16339.563000000002,False
2026-01-16 00:01:26.260,95553.1,0.18,17199.558,False
2026-01-16 00:01:26.264,95553.3,0.005,477.7665,False
2026-01-16 00:01:26.268,95554.0,0.005,477.77,False
2026-01-16 00:01:26.268,95554.4,0.002,191.1088,False
2026-01-16 00:01:26.268,95554.5,0.004,382.218,False
2026-01-16 00:01:26.268,95554.7,0.002,191.1094,False
2026-01-16 00:01:26.268,95554.8,0.014,1337.7672,False
2026-01-16 00:01:26.268,95554.9,0.005,477.7745,False
2026-01-16 00:01:26.269,95555.0,0.006,573.33,False
2026-01-16 00:01:26.321,95555.0,0.019,1815.5449999999998,True
2026-01-16 00:01:26.346,95555.1,0.22,21022.122000000003,False
2026-01-16 00:01:26.346,95555.2,0.002,191.1104,False
2026-01-16 00:01:26.346,95555.4,0.006,573.3324,False
2026-01-16 00:01:26.346,95555.7,0.002,191.1114,False
2026-01-16 00:01:26.346,95556.1,0.004,382.2244,False
2026-01-16 00:01:26.346,95556.2,0.005,477.781,False
2026-01-16 00:01:26.346,95556.6,0.002,191.1132,False
2026-01-16 00:01:26.346,95556.7,0.002,191.11339999999998,False
2026-01-16 00:01:26.346,95556.8,0.002,191.11360000000002,False
2026-01-16 00:01:26.346,95556.9,0.002,191.1138,False
2026-01-16 00:01:26.346,95557.2,0.004,382.2288,False
2026-01-16 00:01:26.346,95557.3,0.002,191.1146,False
2026-01-16 00:01:26.346,95557.6,0.003,286.6728,False
2026-01-16 00:01:26.346,95557.7,0.002,191.1154,False
2026-01-16 00:01:26.346,95557.8,0.002,191.1156,False
2026-01-16 00:01:26.346,95557.9,0.002,191.11579999999998,False
2026-01-16 00:01:26.346,95558.0,0.002,191.116,False
2026-01-16 00:01:26.346,95558.2,0.002,191.1164,False
2026-01-16 00:01:26.346,95558.3,0.002,191.1166,False
2026-01-16 00:01:26.346,95558.4,0.002,191.11679999999998,False
2026-01-16 00:01:26.346,95558.5,0.015,1433.3775,False
2026-01-16 00:01:26.346,95558.6,0.012,1146.7032000000002,False
2026-01-16 00:01:26.346,95558.8,0.002,191.1176,False
2026-01-16 00:01:26.346,95558.9,0.002,191.1178,False
2026-01-16 00:01:26.346,95559.1,0.003,286.6773,False
2026-01-16 00:01:26.346,95559.2,0.002,191.1184,False
2026-01-16 00:01:26.346,95559.3,0.002,191.11860000000001,False
2026-01-16 00:01:26.346,95559.4,0.021,2006.7474,False
2026-01-16 00:01:26.346,95559.5,0.002,191.119,False
2026-01-16 00:01:26.346,95559.6,0.002,191.1192,False
2026-01-16 00:01:26.346,95559.7,0.002,191.11939999999998,False
2026-01-16 00:01:26.346,95559.8,0.176,16818.5248,False
2026-01-16 00:01:26.346,95559.9,0.002,191.1198,False
2026-01-16 00:01:26.346,95560.0,0.063,6020.28,False
2026-01-16 00:01:26.346,95560.1,0.002,191.1202,False
2026-01-16 00:01:26.346,95560.2,0.002,191.1204,False
2026-01-16 00:01:26.346,95560.4,0.007,668.9227999999999,False
2026-01-16 00:01:26.346,95560.5,0.002,191.121,False
2026-01-16 00:01:26.346,95560.7,0.004,382.2428,False
2026-01-16 00:01:26.346,95560.8,0.004,382.2432,False
2026-01-16 00:01:26.346,95560.9,0.135,12900.7215,False
2026-01-16 00:01:26.346,95561.1,0.002,191.12220000000002,False
2026-01-16 00:01:26.346,95561.2,0.007,668.9284,False
2026-01-16 00:01:26.346,95561.3,0.002,191.1226,False
2026-01-16 00:01:26.346,95561.4,0.002,191.12279999999998,False
2026-01-16 00:01:26.346,95561.5,0.008,764.492,False
2026-01-16 00:01:26.346,95561.8,0.002,191.1236,False
2026-01-16 00:01:26.346,95562.0,0.004,382.248,False
2026-01-16 00:01:26.346,95562.1,0.651,62210.92710000001,False
2026-01-16 00:01:26.346,95562.2,0.006,573.3732,False
2026-01-16 00:01:26.346,95562.5,0.015,1433.4375,False
2026-01-16 00:01:26.346,95562.6,0.008,764.5008,False
2026-01-16 00:01:26.346,95562.7,0.004,382.25079999999997,False
2026-01-16 00:01:26.346,95562.8,0.002,191.12560000000002,False
2026-01-16 00:01:26.346,95563.0,0.005,477.815,False
2026-01-16 00:01:26.346,95563.2,0.192,18348.1344,False
2026-01-16 00:01:26.346,95563.3,0.002,191.1266,False
2026-01-16 00:01:26.346,95563.7,0.007,668.9458999999999,False
2026-01-16 00:01:26.346,95563.9,0.003,286.69169999999997,False
2026-01-16 00:01:26.346,95564.0,0.004,382.25600000000003,False
2026-01-16 00:01:26.346,95564.1,0.002,191.12820000000002,False
2026-01-16 00:01:26.346,95564.2,0.07,6689.494000000001,False
2026-01-16 00:01:26.346,95564.3,0.003,286.6929,False
2026-01-16 00:01:26.346,95564.5,0.004,382.258,False
2026-01-16 00:01:26.346,95564.6,0.019,1815.7274,False
2026-01-16 00:01:26.346,95564.8,0.021,2006.8608000000002,False
2026-01-16 00:01:26.346,95564.9,0.005,477.8245,False
2026-01-16 00:01:26.346,95565.0,0.472,45106.68,False
2026-01-16 00:01:26.346,95565.1,0.002,191.1302,False
2026-01-16 00:01:26.346,95565.2,0.006,573.3912,False
2026-01-16 00:01:26.346,95565.5,0.075,7167.412499999999,False
2026-01-16 00:01:26.346,95565.6,0.007,668.9592,False
2026-01-16 00:01:26.346,95565.8,0.005,477.829,False
2026-01-16 00:01:26.346,95566.0,0.082,7836.412,False
2026-01-16 00:01:26.346,95566.2,0.004,382.2648,False
2026-01-16 00:01:26.346,95566.3,0.003,286.69890000000004,False
2026-01-16 00:01:26.346,95566.4,0.004,382.2656,False
2026-01-16 00:01:26.346,95566.5,0.002,191.133,False
2026-01-16 00:01:26.346,95566.6,0.009,860.0994,False
2026-01-16 00:01:26.346,95566.7,0.002,191.1334,False
2026-01-16 00:01:26.346,95566.8,0.002,191.1336,False
2026-01-16 00:01:26.346,95566.9,0.002,191.13379999999998,False
2026-01-16 00:01:26.346,95567.0,0.003,286.701,False
2026-01-16 00:01:26.346,95567.1,0.003,286.7013,False
2026-01-16 00:01:26.346,95567.2,0.021,2006.9112,False
2026-01-16 00:01:26.346,95567.3,0.002,191.1346,False
2026-01-16 00:01:26.346,95567.4,0.006,573.4044,False
2026-01-16 00:01:26.346,95567.5,0.002,191.135,False
2026-01-16 00:01:26.346,95567.6,1.695,161987.08200000002,False
2026-01-16 00:01:26.346,95567.7,0.578,55238.1306,False
2026-01-16 00:01:26.346,95567.8,0.005,477.839,False
2026-01-16 00:01:26.346,95568.0,0.078,7454.304,False
2026-01-16 00:01:26.346,95568.1,0.768,73396.30080000001,False
2026-01-16 00:01:26.346,95568.2,1.633,156062.8706,False
2026-01-16 00:01:26.346,95568.3,0.004,382.27320000000003,False
2026-01-16 00:01:26.346,95568.4,0.003,286.7052,False
2026-01-16 00:01:26.346,95568.6,0.005,477.843,False
2026-01-16 00:01:26.346,95568.7,3.485,333056.91949999996,False
2026-01-16 00:01:26.350,95568.8,0.002,191.13760000000002,False
2026-01-16 00:01:26.350,95569.0,0.048,4587.312,False
2026-01-16 00:01:26.350,95569.1,0.054,5160.731400000001,False
2026-01-16 00:01:26.350,95569.2,0.054,5160.7368,False
2026-01-16 00:01:26.350,95569.3,0.011,1051.2622999999999,False
2026-01-16 00:01:26.350,95569.5,0.008,764.556,False
2026-01-16 00:01:26.350,95569.6,0.006,573.4176,False
2026-01-16 00:01:26.350,95569.8,0.006,573.4188,False
2026-01-16 00:01:26.350,95569.9,0.047,4491.7853,False
2026-01-16 00:01:26.350,95570.0,0.06,5734.2,False
2026-01-16 00:01:26.350,95570.1,0.189,18062.748900000002,False
2026-01-16 00:01:26.350,95570.2,0.054,5160.7908,False
2026-01-16 00:01:26.350,95570.4,0.002,191.14079999999998,False
2026-01-16 00:01:26.350,95570.5,0.005,477.8525,False
2026-01-16 00:01:26.350,95570.7,0.002,191.1414,False
2026-01-16 00:01:26.350,95570.9,0.002,191.1418,False
2026-01-16 00:01:26.350,95571.0,0.002,191.142,False
2026-01-16 00:01:26.350,95571.1,0.035,3344.9885000000004,False
2026-01-16 00:01:26.350,95571.2,0.684,65370.700800000006,False
2026-01-16 00:01:26.350,95571.3,0.012,1146.8556,False
2026-01-16 00:01:26.350,95571.4,0.003,286.7142,False
2026-01-16 00:01:26.350,95571.5,0.015,1433.5725,False
2026-01-16 00:01:26.350,95571.8,0.002,191.14360000000002,False
2026-01-16 00:01:26.350,95571.9,0.012,1146.8627999999999,False
2026-01-16 00:01:26.350,95572.0,0.005,477.86,False
2026-01-16 00:01:26.350,95572.3,0.003,286.7169,False
2026-01-16 00:01:26.350,95572.4,0.008,764.5792,False
2026-01-16 00:01:26.350,95572.5,0.002,191.145,False
2026-01-16 00:01:26.350,95572.6,0.004,382.29040000000003,False
2026-01-16 00:01:26.350,95572.7,0.006,573.4362,False
2026-01-16 00:01:26.350,95572.8,0.176,16820.8128,False
2026-01-16 00:01:26.350,95572.9,0.702,67092.1758,False
2026-01-16 00:01:26.351,95573.0,0.777,74260.221,False
2026-01-16 00:01:26.351,95573.1,0.004,382.29240000000004,False
2026-01-16 00:01:26.351,95573.3,0.002,191.1466,False
2026-01-16 00:01:26.351,95573.4,0.003,286.7202,False
2026-01-16 00:01:26.351,95573.5,1.616,154446.776,False
2026-01-16 00:01:26.351,95573.6,0.018,1720.3247999999999,False
2026-01-16 00:01:26.351,95573.7,0.002,191.1474,False
2026-01-16 00:01:26.351,95573.8,0.004,382.2952,False
2026-01-16 00:01:26.351,95574.0,0.005,477.87,False
2026-01-16 00:01:26.351,95574.1,0.002,191.1482,False
2026-01-16 00:01:26.351,95574.2,0.004,382.2968,False
2026-01-16 00:01:26.351,95574.3,0.005,477.8715,False
2026-01-16 00:01:26.351,95574.4,0.16,15291.903999999999,False
2026-01-16 00:01:26.351,95574.5,0.006,573.447,False
2026-01-16 00:01:26.351,95574.6,0.34,32495.364000000005,False
2026-01-16 00:01:26.351,95574.7,0.005,477.8735,False
2026-01-16 00:01:26.351,95575.0,0.004,382.3,False
2026-01-16 00:01:26.351,95575.2,0.002,191.1504,False
2026-01-16 00:01:26.351,95575.3,0.012,1146.9036,False
2026-01-16 00:01:26.351,95575.7,0.229,21886.8353,False
2026-01-16 00:01:26.351,95575.8,0.002,191.1516,False
2026-01-16 00:01:26.351,95575.9,0.006,573.4553999999999,False
2026-01-16 00:01:26.351,95576.1,0.008,764.6088000000001,False
2026-01-16 00:01:26.351,95576.2,0.002,191.1524,False
2026-01-16 00:01:26.351,95576.3,0.002,191.1526,False
2026-01-16 00:01:26.351,95576.4,0.006,573.4584,False
2026-01-16 00:01:26.351,95576.5,0.006,573.4590000000001,False
2026-01-16 00:01:26.351,95576.7,0.211,20166.683699999998,False
2026-01-16 00:01:26.351,95576.8,0.002,191.1536,False
2026-01-16 00:01:26.351,95576.9,0.006,573.4614,False
2026-01-16 00:01:26.351,95577.1,0.003,286.73130000000003,False
2026-01-16 00:01:26.351,95577.3,0.004,382.30920000000003,False
2026-01-16 00:01:26.351,95577.5,0.002,191.155,False
2026-01-16 00:01:26.351,95577.6,1.176,112399.2576,False
2026-01-16 00:01:26.415,95577.5,0.059,5639.072499999999,True
2026-01-16 00:01:26.415,95577.6,8.588,820820.4288,False
2026-01-16 00:01:26.415,95577.7,0.008,764.6216,False
2026-01-16 00:01:26.415,95577.8,0.002,191.15560000000002,False
2026-01-16 00:01:26.415,95578.2,0.004,382.3128,False
2026-01-16 00:01:26.415,95578.3,0.006,573.4698000000001,False
2026-01-16 00:01:26.415,95578.6,0.003,286.73580000000004,False
2026-01-16 00:01:26.415,95578.8,0.002,191.1576,False
2026-01-16 00:01:26.415,95579.1,0.006,573.4746,False
2026-01-16 00:01:26.415,95579.2,0.002,191.1584,False
2026-01-16 00:01:26.415,95579.3,0.002,191.1586,False
2026-01-16 00:01:26.415,95579.5,0.179,17108.730499999998,False
2026-01-16 00:01:26.415,95579.6,0.053,5065.718800000001,False
2026-01-16 00:01:26.415,95579.8,0.002,191.1596,False
2026-01-16 00:01:26.415,95579.9,0.003,286.73969999999997,False
2026-01-16 00:01:26.415,95580.0,0.038,3632.04,False
2026-01-16 00:01:26.415,95580.1,0.731,69869.0531,False
2026-01-16 00:01:26.415,95580.2,0.013,1242.5426,False
2026-01-16 00:01:26.415,95580.3,0.01,955.803,False
2026-01-16 00:01:26.415,95580.5,0.002,191.161,False
2026-01-16 00:01:26.415,95580.6,0.005,477.903,False
2026-01-16 00:01:26.415,95580.7,0.016,1529.2912,False
2026-01-16 00:01:26.415,95580.8,0.006,573.4848000000001,False
2026-01-16 00:01:26.415,95581.0,0.023,2198.363,False
2026-01-16 00:01:26.415,95581.1,0.006,573.4866000000001,False
2026-01-16 00:01:26.415,95581.3,0.002,191.1626,False
2026-01-16 00:01:26.415,95581.4,0.012,1146.9768,False
2026-01-16 00:01:26.415,95581.6,0.003,286.7448,False
2026-01-16 00:01:26.415,95581.8,0.004,382.3272,False
2026-01-16 00:01:26.415,95581.9,0.002,191.16379999999998,False
2026-01-16 00:01:26.415,95582.0,0.054,5161.428,False
2026-01-16 00:01:26.415,95582.1,0.004,382.32840000000004,False
2026-01-16 00:01:26.415,95582.2,0.006,573.4932,False
2026-01-16 00:01:26.415,95582.3,0.006,573.4938000000001,False
2026-01-16 00:01:26.415,95582.4,0.003,286.74719999999996,False
2026-01-16 00:01:26.415,95582.7,0.002,191.1654,False
2026-01-16 00:01:26.415,95582.8,0.85,81245.38,False
2026-01-16 00:01:26.415,95582.9,0.002,191.1658,False
2026-01-16 00:01:26.415,95583.0,0.034,3249.822,False
2026-01-16 00:01:26.415,95583.1,0.076,7264.3156,False
2026-01-16 00:01:26.416,95577.5,0.017,1624.8175,True
2026-01-16 00:01:26.438,95579.6,0.12,11469.552,False
2026-01-16 00:01:26.500,95579.5,0.004,382.318,True
2026-01-16 00:01:26.505,95579.6,1.478,141266.6488,False
2026-01-16 00:01:26.505,95579.7,0.002,191.1594,False
2026-01-16 00:01:26.505,95580.0,0.002,191.16,False
2026-01-16 00:01:26.505,95580.2,0.002,191.1604,False
2026-01-16 00:01:26.505,95580.7,0.002,191.1614,False
2026-01-16 00:01:26.505,95581.2,0.002,191.1624,False
2026-01-16 00:01:26.505,95581.6,0.002,191.16320000000002,False
2026-01-16 00:01:26.505,95581.7,0.002,191.1634,False
2026-01-16 00:01:26.505,95581.9,0.078,7455.388199999999,False
2026-01-16 00:01:26.505,95582.0,0.036,3440.9519999999998,False
2026-01-16 00:01:26.505,95582.1,0.004,382.32840000000004,False
2026-01-16 00:01:26.505,95582.2,0.002,191.1644,False
2026-01-16 00:01:26.505,95582.7,0.002,191.1654,False
2026-01-16 00:01:26.505,95582.8,0.454,43394.5912,False
2026-01-16 00:01:26.505,95583.0,1.79,171093.57,False
2026-01-16 00:01:26.505,95583.1,1.439,137544.0809,False
2026-01-16 00:01:26.505,95583.3,0.002,191.16660000000002,False
2026-01-16 00:01:26.505,95583.8,0.002,191.16760000000002,False
2026-01-16 00:01:26.505,95583.9,0.002,191.1678,False
2026-01-16 00:01:26.505,95584.0,0.933,89179.872,False
2026-01-16 00:01:26.543,95582.7,0.367,35078.8509,True
2026-01-16 00:01:26.569,95582.8,0.003,286.7484,False
2026-01-16 00:01:26.631,95582.7,0.075,7168.702499999999,True
2026-01-16 00:01:26.866,95582.7,0.116,11087.5932,True
2026-01-16 00:01:26.962,95582.8,0.653,62415.568400000004,False
2026-01-16 00:01:26.962,95582.9,0.006,573.4974,False
2026-01-16 00:01:26.962,95583.0,0.002,191.166,False
2026-01-16 00:01:26.962,95583.4,0.002,191.1668,False
2026-01-16 00:01:26.962,95583.8,0.002,191.16760000000002,False
2026-01-16 00:01:26.962,95583.9,0.002,191.1678,False
2026-01-16 00:01:26.962,95584.0,0.326,31160.384000000002,False
2026-01-16 00:01:27.019,95583.9,0.002,191.1678,True
2026-01-16 00:01:27.137,95584.0,0.012,1147.008,False
2026-01-16 00:01:27.428,95584.0,1.387,132575.008,False
2026-01-16 00:01:27.428,95584.1,0.006,573.5046000000001,False
2026-01-16 00:01:27.428,95584.3,0.002,191.1686,False
2026-01-16 00:01:27.428,95584.6,0.002,191.16920000000002,False
2026-01-16 00:01:27.428,95584.7,0.013,1242.6010999999999,False
2026-01-16 00:01:27.428,95584.8,0.002,191.1696,False
2026-01-16 00:01:27.428,95585.0,0.006,573.51,False
2026-01-16 00:01:27.428,95585.1,0.004,382.34040000000005,False
2026-01-16 00:01:27.428,95585.3,0.002,191.1706,False
2026-01-16 00:01:27.428,95585.5,0.002,191.171,False
2026-01-16 00:01:27.428,95585.8,0.004,382.3432,False
2026-01-16 00:01:27.428,95586.0,0.005,477.93,False
2026-01-16 00:01:27.428,95586.3,0.007,669.1041,False
2026-01-16 00:01:27.428,95586.5,0.005,477.9325,False
2026-01-16 00:01:27.428,95586.8,0.002,191.17360000000002,False
2026-01-16 00:01:27.428,95586.9,0.002,191.1738,False
2026-01-16 00:01:27.428,95587.1,0.005,477.93550000000005,False
2026-01-16 00:01:27.428,95587.3,0.002,191.1746,False
2026-01-16 00:01:27.428,95587.4,0.002,191.1748,False
2026-01-16 00:01:27.428,95587.5,0.134,12808.725,False
2026-01-16 00:01:27.428,95587.6,0.319,30492.444400000004,False
2026-01-16 00:01:27.428,95587.7,0.186,17779.3122,False
2026-01-16 00:01:27.428,95587.8,0.004,382.3512,False
2026-01-16 00:01:27.429,95587.9,0.012,1147.0548,False
2026-01-16 00:01:27.429,95588.0,0.003,286.764,False
2026-01-16 00:01:27.429,95588.2,0.002,191.1764,False
2026-01-16 00:01:27.429,95588.3,0.002,191.1766,False
2026-01-16 00:01:27.429,95588.4,0.003,286.7652,False
2026-01-16 00:01:27.429,95588.6,0.002,191.17720000000003,False
2026-01-16 00:01:27.429,95588.7,0.002,191.1774,False
2026-01-16 00:01:27.429,95588.8,0.005,477.944,False
2026-01-16 00:01:27.429,95589.0,0.007,669.123,False
2026-01-16 00:01:27.429,95589.3,0.002,191.17860000000002,False
2026-01-16 00:01:27.429,95589.5,0.003,286.7685,False
2026-01-16 00:01:27.429,95589.6,0.002,191.1792,False
2026-01-16 00:01:27.429,95589.8,0.004,382.35920000000004,False
2026-01-16 00:01:27.429,95590.0,0.002,191.18,False
2026-01-16 00:01:27.429,95590.2,0.002,191.1804,False
2026-01-16 00:01:27.429,95590.3,0.002,191.1806,False
2026-01-16 00:01:27.429,95590.4,0.003,286.77119999999996,False
2026-01-16 00:01:27.429,95590.7,0.002,191.1814,False
2026-01-16 00:01:27.429,95590.8,0.002,191.1816,False
2026-01-16 00:01:27.429,95590.9,0.004,382.36359999999996,False
2026-01-16 00:01:27.429,95591.0,0.003,286.773,False
2026-01-16 00:01:27.429,95591.2,0.007,669.1384,False
2026-01-16 00:01:27.429,95591.3,0.002,191.1826,False
2026-01-16 00:01:27.429,95591.5,0.007,669.1405,False
2026-01-16 00:01:27.429,95591.7,0.005,477.9585,False
2026-01-16 00:01:27.429,95591.8,0.002,191.1836,False
2026-01-16 00:01:27.429,95591.9,0.003,286.7757,False
2026-01-16 00:01:27.429,95592.0,0.213,20361.095999999998,False
2026-01-16 00:01:27.429,95592.1,0.573,54774.2733,False
2026-01-16 00:01:27.429,95592.2,0.107,10228.365399999999,False
2026-01-16 00:01:27.429,95592.3,0.005,477.9615,False
2026-01-16 00:01:27.429,95592.4,0.002,191.1848,False
2026-01-16 00:01:27.429,95592.5,0.003,286.77750000000003,False
2026-01-16 00:01:27.429,95592.7,1.124,107446.19480000001,False
2026-01-16 00:01:27.429,95592.8,0.011,1051.5208,False
2026-01-16 00:01:27.429,95593.0,0.003,286.779,False
2026-01-16 00:01:27.429,95593.2,0.003,286.7796,False
2026-01-16 00:01:27.429,95593.3,0.006,573.5598,False
2026-01-16 00:01:27.429,95593.4,0.002,191.1868,False
2026-01-16 00:01:27.429,95593.5,0.023,2198.6504999999997,False
2026-01-16 00:01:27.429,95593.8,0.094,8985.8172,False
2026-01-16 00:01:27.429,95594.0,0.007,669.158,False
2026-01-16 00:01:27.429,95594.1,0.003,286.7823,False
2026-01-16 00:01:27.429,95594.3,0.121,11566.9103,False
2026-01-16 00:01:27.429,95594.4,1.123,107352.5112,False
2026-01-16 00:01:27.429,95594.5,0.017,1625.1065,False
2026-01-16 00:01:27.429,95594.7,0.002,191.1894,False
2026-01-16 00:01:27.429,95594.8,0.002,191.1896,False
2026-01-16 00:01:27.429,95594.9,0.002,191.1898,False
2026-01-16 00:01:27.429,95595.0,0.005,477.975,False
2026-01-16 00:01:27.429,95595.3,0.008,764.7624000000001,False
2026-01-16 00:01:27.429,95595.5,0.002,191.191,False
2026-01-16 00:01:27.429,95595.6,0.006,573.5736,False
2026-01-16 00:01:27.429,95595.7,0.002,191.1914,False
2026-01-16 00:01:27.429,95595.8,0.002,191.19160000000002,False
2026-01-16 00:01:27.429,95595.9,0.005,477.9795,False
2026-01-16 00:01:27.429,95596.0,0.01,955.96,False
2026-01-16 00:01:27.429,95596.3,1.254,119877.7602,False
2026-01-16 00:01:27.429,95596.4,0.002,191.1928,False
2026-01-16 00:01:27.429,95596.5,0.002,191.193,False
2026-01-16 00:01:27.429,95596.6,0.002,191.19320000000002,False
2026-01-16 00:01:27.429,95596.7,0.002,191.1934,False
2026-01-16 00:01:27.429,95596.8,0.005,477.98400000000004,False
2026-01-16 00:01:27.429,95597.2,1.305,124754.34599999999,False
2026-01-16 00:01:27.429,95597.3,0.005,477.98650000000004,False
2026-01-16 00:01:27.429,95597.5,0.002,191.195,False
2026-01-16 00:01:27.429,95597.8,0.002,191.1956,False
2026-01-16 00:01:27.429,95598.0,1.144,109364.112,False
2026-01-16 00:01:27.429,95598.1,0.009,860.3829,False
2026-01-16 00:01:27.429,95598.2,0.002,191.1964,False
2026-01-16 00:01:27.429,95598.3,0.002,191.19660000000002,False
2026-01-16 00:01:27.429,95598.4,0.02,1911.9679999999998,False
2026-01-16 00:01:27.429,95598.5,0.008,764.788,False
2026-01-16 00:01:27.429,95598.8,0.004,382.39520000000005,False
2026-01-16 00:01:27.429,95598.9,0.002,191.1978,False
2026-01-16 00:01:27.429,95599.0,0.035,3345.965,False
2026-01-16 00:01:27.429,95599.1,0.002,191.1982,False
2026-01-16 00:01:27.429,95599.2,0.002,191.1984,False
2026-01-16 00:01:27.429,95599.3,0.002,191.1986,False
2026-01-16 00:01:27.429,95599.4,0.002,191.1988,False
2026-01-16 00:01:27.429,95599.5,0.111,10611.5445,False
2026-01-16 00:01:27.429,95599.7,1.123,107358.4631,False
2026-01-16 00:01:27.429,95599.8,1.122,107262.97560000002,False
2026-01-16 00:01:27.429,95599.9,0.213,20362.7787,False
2026-01-16 00:01:27.429,95600.0,2.096,200377.6,False
2026-01-16 00:01:27.429,95600.1,0.006,573.6006000000001,False
2026-01-16 00:01:27.429,95600.3,0.009,860.4027,False
2026-01-16 00:01:27.429,95600.4,0.003,286.8012,False
2026-01-16 00:01:27.429,95600.5,1.437,137377.9185,False
2026-01-16 00:01:27.429,95600.7,0.002,191.2014,False
2026-01-16 00:01:27.429,95600.8,0.685,65486.54800000001,False
2026-01-16 00:01:27.429,95600.9,0.004,382.4036,False
2026-01-16 00:01:27.429,95601.1,0.002,191.2022,False
2026-01-16 00:01:27.429,95601.3,0.002,191.20260000000002,False
2026-01-16 00:01:27.429,95601.4,0.006,573.6084,False
2026-01-16 00:01:27.429,95601.6,1.186,113383.4976,False
2026-01-16 00:01:27.429,95601.7,1.216,116251.6672,False
2026-01-16 00:01:27.429,95601.8,0.006,573.6108,False
2026-01-16 00:01:27.429,95601.9,0.022,2103.2418,False
2026-01-16 00:01:27.429,95602.0,0.98,93689.95999999999,False
2026-01-16 00:01:27.429,95602.1,0.005,478.01050000000004,False
2026-01-16 00:01:27.429,95602.2,0.003,286.8066,False
2026-01-16 00:01:27.429,95602.3,0.006,573.6138000000001,False
2026-01-16 00:01:27.429,95602.7,0.002,191.2054,False
2026-01-16 00:01:27.429,95602.8,0.002,191.2056,False
2026-01-16 00:01:27.429,95602.9,0.023,2198.8667,False
2026-01-16 00:01:27.429,95603.0,0.275,26290.825,False
2026-01-16 00:01:27.429,95603.2,0.055,5258.1759999999995,False
2026-01-16 00:01:27.429,95603.3,0.005,478.0165,False
2026-01-16 00:01:27.429,95603.4,0.628,60038.9352,False
2026-01-16 00:01:27.429,95603.5,0.155,14818.5425,False
2026-01-16 00:01:27.429,95603.7,0.002,191.2074,False
2026-01-16 00:01:27.429,95603.8,0.004,382.4152,False
2026-01-16 00:01:27.429,95603.9,0.003,286.8117,False
2026-01-16 00:01:27.429,95604.1,0.002,191.2082,False
2026-01-16 00:01:27.429,95604.3,0.004,382.41720000000004,False
2026-01-16 00:01:27.429,95604.4,0.005,478.022,False
2026-01-16 00:01:27.429,95604.7,1.125,107555.28749999999,False
2026-01-16 00:01:27.429,95604.8,0.212,20268.2176,False
2026-01-16 00:01:27.429,95604.9,0.412,39389.218799999995,False
2026-01-16 00:01:27.429,95605.0,1.787,170846.13499999998,False
2026-01-16 00:01:27.445,95599.7,0.08,7647.976,False
2026-01-16 00:01:27.601,95599.6,0.103,9846.7588,True
2026-01-16 00:01:28.026,95599.6,1.218,116440.3128,True
2026-01-16 00:01:28.053,95599.5,0.004,382.398,True
2026-01-16 00:01:28.053,95599.1,0.002,191.1982,True
2026-01-16 00:01:28.053,95598.6,0.002,191.1972,True
2026-01-16 00:01:28.053,95598.5,0.002,191.197,True
2026-01-16 00:01:28.053,95598.4,0.002,191.1968,True
2026-01-16 00:01:28.053,95598.1,0.002,191.1962,True
2026-01-16 00:01:28.053,95598.0,0.006,573.588,True
2026-01-16 00:01:28.053,95597.9,0.002,191.1958,True
2026-01-16 00:01:28.053,95597.7,0.002,191.1954,True
2026-01-16 00:01:28.053,95597.6,0.004,382.39040000000006,True
2026-01-16 00:01:28.053,95597.4,0.003,286.7922,True
2026-01-16 00:01:28.053,95597.3,0.002,191.1946,True
2026-01-16 00:01:28.053,95597.0,0.004,382.38800000000003,True
2026-01-16 00:01:28.053,95596.9,0.002,191.19379999999998,True
2026-01-16 00:01:28.053,95596.5,0.005,477.9825,True
2026-01-16 00:01:28.053,95596.4,0.002,191.1928,True
2026-01-16 00:01:28.053,95596.3,0.013,1242.7519,True
2026-01-16 00:01:28.053,95596.2,0.002,191.1924,True
2026-01-16 00:01:28.053,95596.0,0.002,191.192,True
2026-01-16 00:01:28.053,95595.6,0.005,477.97800000000007,True
2026-01-16 00:01:28.053,95595.5,0.004,382.382,True
2026-01-16 00:01:28.053,95595.4,0.011,1051.5493999999999,True
2026-01-16 00:01:28.053,95595.3,0.002,191.19060000000002,True
2026-01-16 00:01:28.057,95595.5,0.025,2389.8875000000003,True
2026-01-16 00:01:28.483,95595.5,0.02,1911.91,True
2026-01-16 00:01:28.519,95595.6,0.003,286.7868,False
2026-01-16 00:01:28.976,95595.5,0.03,2867.865,True
2026-01-16 00:01:29.054,95595.6,0.01,955.9560000000001,False
2026-01-16 00:01:29.452,95595.6,0.031,2963.4636,False
2026-01-16 00:01:29.572,95595.5,0.015,1433.9325,True
2026-01-16 00:01:29.970,95595.5,0.003,286.7865,True
2026-01-16 00:01:30.416,95595.6,0.002,191.1912,False
2026-01-16 00:01:30.809,95595.5,0.047,4492.9885,True
2026-01-16 00:01:31.095,95595.5,0.012,1147.146,True
2026-01-16 00:01:31.389,95595.6,0.005,477.97800000000007,False
2026-01-16 00:01:31.635,95595.5,0.004,382.382,True
2026-01-16 00:01:31.705,95595.6,0.047,4492.9932,False
2026-01-16 00:01:31.974,95595.5,0.104,9941.931999999999,True
2026-01-16 00:01:32.432,95595.5,0.002,191.191,True
2026-01-16 00:01:32.710,95595.6,0.01,955.9560000000001,False
2026-01-16 00:01:32.761,95595.5,0.003,286.7865,True
2026-01-16 00:01:32.946,95595.6,0.028,2676.6768,False
2026-01-16 00:01:32.976,95595.5,0.022,2103.1009999999997,True
2026-01-16 00:01:33.288,95595.6,0.009,860.3604,False
2026-01-16 00:01:33.562,95595.6,0.067,6404.905200000001,False
2026-01-16 00:01:34.020,95595.5,0.12,11471.46,True
2026-01-16 00:01:34.420,95595.6,0.418,39958.9608,False
2026-01-16 00:01:34.832,95595.6,0.1,9559.560000000001,False
2026-01-16 00:01:34.963,95595.6,0.002,191.1912,False
2026-01-16 00:01:34.973,95595.5,0.001,95.5955,True
2026-01-16 00:01:35.136,95595.5,0.006,573.573,True
2026-01-16 00:01:35.927,95595.6,0.003,286.7868,False
2026-01-16 00:01:36.038,95595.5,0.133,12714.201500000001,True
2026-01-16 00:01:36.239,95595.5,0.467,44643.0985,True
2026-01-16 00:01:36.282,95595.6,0.002,191.1912,False
2026-01-16 00:01:36.634,95595.5,0.004,382.382,True
2026-01-16 00:01:36.644,95595.6,0.819,78292.7964,False
2026-01-16 00:01:36.884,95595.6,0.116,11089.089600000001,False
2026-01-16 00:01:36.920,95595.5,0.025,2389.8875000000003,True
2026-01-16 00:01:37.546,95595.6,0.005,477.97800000000007,False
2026-01-16 00:01:38.873,95595.6,0.002,191.1912,False
2026-01-16 00:01:39.050,95595.5,0.004,382.382,True
2026-01-16 00:01:39.203,95595.5,0.004,382.382,True
2026-01-16 00:01:39.656,95595.6,0.01,955.9560000000001,False
2026-01-16 00:01:39.742,95595.5,0.009,860.3594999999999,True
2026-01-16 00:01:40.086,95595.6,0.002,191.1912,False
2026-01-16 00:01:40.493,95595.5,0.005,477.9775,True
2026-01-16 00:01:41.178,95595.6,0.044,4206.2064,False
2026-01-16 00:01:41.297,95595.6,0.007,669.1692,False
2026-01-16 00:01:41.634,95595.5,0.004,382.382,True
2026-01-16 00:01:42.057,95595.5,0.002,191.191,True
2026-01-16 00:01:42.348,95595.6,0.298,28487.4888,False
2026-01-16 00:01:42.348,95595.7,0.006,573.5742,False
2026-01-16 00:01:42.348,95596.0,0.01,955.96,False
2026-01-16 00:01:42.348,95596.4,0.003,286.7892,False
2026-01-16 00:01:42.348,95596.9,0.002,191.19379999999998,False
2026-01-16 00:01:42.348,95597.0,0.106,10133.282,False
2026-01-16 00:01:42.348,95597.1,0.002,191.19420000000002,False
2026-01-16 00:01:42.348,95597.6,0.002,191.19520000000003,False
2026-01-16 00:01:42.348,95597.8,0.003,286.7934,False
2026-01-16 00:01:42.348,95597.9,0.002,191.1958,False
2026-01-16 00:01:42.348,95598.0,0.026,2485.548,False
2026-01-16 00:01:42.348,95598.2,0.004,382.3928,False
2026-01-16 00:01:42.348,95598.5,0.006,573.591,False
2026-01-16 00:01:42.348,95598.6,0.003,286.79580000000004,False
2026-01-16 00:01:42.348,95598.7,0.002,191.1974,False
2026-01-16 00:01:42.348,95598.8,0.002,191.19760000000002,False
2026-01-16 00:01:42.348,95598.9,0.002,191.1978,False
2026-01-16 00:01:42.348,95599.0,0.035,3345.965,False
